2738 4475
762 267 1530 348 Paaslv.
2018 285 2166 363 497

146 392 256 469 fuit
276 405 536 471 Parrum
553 393 918 469 nostrorum
939 396 1248 470 memoria
1263 396 1364 469 vir
1399 395 1695 495 egregius
1722 389 1901 463 beno
1919 441 1943 477 ‚
1978 398 2042 462 &
2063 390 2165 462 cui

149 498 412 570 multum
429 522 602 569 arma
625 499 881 569 Gallica
897 495 1269 568 debuerunt.
1304 500 1607 568 Strenuus
1630 518 1837 575 manu,
1863 488 2150 564 summus
2149 532 2170 546 -

144 621 263 695 que
285 595 563 668 confiliis
583 630 608 680 ς
658 617 873 668 tamen
902 596 977 668 in
1007 593 1150 696 ipso
1186 620 1539 694 pugnarum
1554 595 1820 665 articulo
1838 642 1862 678 ‚
1918 617 2064 663 cum
2098 591 2171 660 in

140 692 487 794 conspestu
507 692 719 767 hostes
737 695 937 768 effent
955 746 980 782 ,
1024 697 1250 795 plenus
1273 691 1663 768 obversantis
1705 693 1972 792 periculi
2006 693 2173 762 ima-

137 795 290 892 gine
303 841 331 875 ,
370 794 532 868 adeo
547 792 921 880 solvebatur,
944 798 1226 890 utletiam
1245 792 1492 867 secreto
1510 793 1829 894 indigeret
1849 844 1871 881 ‚
1892 816 2024 893 quo
2040 787 2185 862 sese.

137 889 599 966 subsidentibus
619 896 911 968 alimenti
929 896 1211 995 reliquiis
1231 941 1254 976 ,
1292 892 1603 992 simulque
1625 916 1860 992 pavore
1878 943 1900 980 ‚
1936 915 2178 963 exone-

134 1014 325 1065 raret.
385 995 705 1067 Collcffls
723 995 957 1068 deinde
979 994 1322 1095 spiritibus,
1341 1018 1416 1064 ea
1433 1016 1569 1063 erat
1589 992 1981 1092 producendi
2002 991 2178 1064 mili·

139 1114 245 1163 tes
267 1117 362 1163 ars
377 1138 404 1173 ,
430 1115 637 1166 tantus
654 1095 840 1166 ardor
855 1094 1223 1168 dimicantis
1242 1149 1261 1179 ,
1283 1115 1351 1164 ut
1371 1090 1694 1165 dubitares
1712 1094 1918 1164 Ducis
1939 1114 2178 1190 partes,

136 1216 219 1262 an
242 1192 468 1264 militis
482 1193 730 1265 enixius
751 1193 988 1266 obiret.
1065 1195 1171 1268 Ad
1187 1214 1546 1266 extremum
1566 1193 1764 1264 etiam
1787 1196 1932 1267 vitae
1953 1240 1975 1274 ‚
2012 1188 2205 1262 clara'

133 1291 310 1363 illius
327 1337 350 1372 ‚
382 1290 488 1363 sed
510 1290 879 1367 miserabilis
897 1297 1121 1377 virtus,
1141 1292 1424 1365 ostendit
1441 1316 1574 1362 non
1600 1288 1845 1390 semper
1863 1293 1903 1365 ὲ
1921 1289 2180 1364 fortitu-

138 1391 298 1463 dine
321 1392 568 1463 tristem
586 1394 765 1465 illum
785 1388 1087 1492 pavorem
1103 1394 1448 1464 divertere·
1521 1394 1788 1491 Qippe
1825 1389 2016 1465 ferale
2040 1417 2185 1463 cer-

139 1510 367 1562 tamen
388 1489 469 1561 ad
488 1491 1012 1590 Ticinum,quod
1031 1487 1371 1563 Francisco
1386 1493 1579 1590 Rege
1600 1515 1794 1588 capto
1812 1494 1979 1593 pene
2002 1490 2183 1591 spem

139 1591 350 1662 ltaliae
368 1587 583 1661 Gallis
603 1591 835 1686 eripuit
852 1639 875 1674 ‚
888 1589 1068 1660 istius
1086 1613 1339 1688 quoque
1355 1587 1531 1659 ducis,
1549 1586 1588 1660 s
1579 1595 1849 1691 anguine
1868 1590 2185 1665 funestum

115 1754 117 1756 ,
143 1686 272 1757 est.
329 1685 549 1759 Pridie
564 1687 759 1758 eladis
777 1712 886 1759 rex
906 1688 1219 1762 advocato
1236 1687 1663 1787 confilio,ipse
1678 1692 1939 1789 quidem
1960 1716 2190 1791 pugnat

142 1783 378 1858 avidus
398 1828 421 1865 ,
456 1805 673 1857 tamen
708 1784 849 1857 suos
887 1785 1265 1859 sententiam
1298 1788 1513 1859 dicere
1551 1789 1745 1883 juffit.
1836 1792 1964 1863 Iste
1995 1789 2192 1863 senex

142 1907 551 1983 magnopere
569 1880 862 1958 suadebat
883 1907 952 1958 ut
970 1888 1198 1958 auxilia
1215 1891 1705 1985 expectarentur
1722 1915 1858 1987 qua:
1880 1894 2107 1976 accita,
2123 1897 2198 1962 δε

143 1986 284 2079 jam
308 1983 598 2082 protinus
615 1983 963 2058 adventare
982 1985 1316 2059 constabat
1334 2014 1354 2059 r
1377 2068 1391 2074 Ἥ
1412 1989 1620 2084 neuin
1641 1985 1980 2061 discrimen
1999 2038 2021 2072 ‚
2042 2014 2199 2089 prat·

139 2081 370 2156 sertim
393 2107 526 2154 non
543 2083 888 2156 necessario
903 2106 1204 2185 tempore
1225 2141 1248 2171 ,
1289 2087 1356 2157 in
1378 2083 1591 2158 alieno
1607 2114 1865 2186 quoque
1883 2086 2020 2160 solo
2035 2148 2056 2175 ‚
2092 2113 2198 2161 res

140 2180 433 2284 salusque
475 2183 815 2258 Gallorum
847 2182 1347 2280 conjicerentur.
1433 2190 1595 2260 Non
1636 2187 1719 2259 de
1747 2186 1952 2287 gloria
1988 2187 2195 2261 modo

139 2284 385 2384 Regis,
406 2280 512 2355 sed
532 2284 975 2357 incolumitate
996 2285 1127 2384 agi.
1151 2284 1394 2358 Aderat
1414 2285 1480 2357 in
1501 2286 1733 2359 codem
1755 2288 2025 2360 consilio
2046 2312 2190 2361 acer
2280 2300 2285 2305 ’

143 2384 406 2479 juvenis
425 2428 450 2465 ,
484 2380 590 2455 sed
621 2384 990 2457 turbulento
1024 2387 1274 2484 impetu
1306 2410 1584 2484 pugnam
1603 2388 1892 2485 incipere
1914 2390 2197 2488 quamin

143 2507 235 2555 ea
257 2481 655 2583 perseverare
674 2485 878 2582 magis
898 2483 1194 2556 idoneus.
1253 2490 1320 2555 Is
1345 2485 1509 2555 nihil
1529 2484 1939 2582 praestabilius
1960 2487 2202 2580 ajebat,

150 2609 360 2682 quam
379 2602 448 2653 ut
466 2581 659 2651 armis
696 2584 1036 2656 victoriam
1090 2589 1274 2683 (nam
1306 2606 1429 2654 nec
1461 2582 1543 2654 de
1593 2607 1668 2653 ea
1700 2585 2189 2682 ambigendum)

154 2706 362 2780 quam
395 2678 677 2778 primum
710 2702 1121 2780 occuparent.
1209 2683 1516 2758 Nimium
1553 2681 1871 2755 honorem
1910 2680 2200 2754 hostibus

2018 2779 2205 2853 habi·

149 2891 334 2948 ‚cnptus
350 2875 417 2928 cst
433 2875 694 2932 franciscus
709 2912 732 2941 ,
760 2881 813 2932 δι
828 2879 879 2931 in
891 2877 1165 2949 Hispaniam
1222 2882 1274 2933 in
1304 2882 1474 2952 mribus
1506 2883 1734 2950 Bayardus
1751 2881 1999 2935 noriffimae
2014 2882 2206 2936 virtutis

150 2948 443 3006 traduam,
476 2948 648 3017 reliqua
672 2951 776 3017 lege
801 2949 924 3017 apud
940 2949 1166 3001 Histoi-io·
1221 2957 1260 3001 E
1294 2970 1374 3004 ues
1408 2953 1662 3021 Delphinas
1694 2955 1972 3021 praecelluir,
2007 2954 2204 3003 tandem

148 3017 1012 3139 effante
1027 3024 1166 3139 m
1221 2968 2210 3141 {amam

153 3152 411 3204 occasione
443 3155 600 3222 paucis
631 3170 742 3206 ante
756 3159 894 3207 annis
911 3158 1066 3208 Gallia
1082 3157 1165 3209 ha·
1223 3159 1459 3211 meniacus
1511 3110 1753 3208 Nemorosi
1800 3163 1909 3207 Dux
1953 3150 2206 3211 cecidisset,

155 3223 367 3279 buerat,
413 3220 618 3288 primnis
662 3226 875 3291 periculis
917 3240 1020 3277 non
1054 3224 1164 3277 satis
1223 3241 1362 3293 capto
1376 3226 1617 3294 Aubignio
1635 3225 1859 3290 ‚Alegrio
1871 3221 2208 3280 fcroci,&ra-

156 3302 329 3343 cauta.
381 3294 502 3339 Nam
520 3291 758 3343 Ludovico
771 3299 884 3344 111.
908 3299 1035 3362 Rege
1053 3301 1166 3344 Fer·
1227 3296 1341 3359 pido
1354 3298 1406 3346 in
1422 3293 1652 3352 consiliis,
1667 3295 1914 3358 linguaque
1928 3292 2211 3348 immodico,

151 3354 407 3409 elinandus
416 3361 582 3426 Apulia
587 3362 917 3429 ‚Calabriaque
931 3377 1032 3413 non
1048 3378 1168 3413 con-
1226 3361 1335 3432 fuga
1349 3363 1430 3415 fibi
1466 3361 1540 3428 (ut
1554 3377 1690 3413 antea
1712 3366 1816 3412 Dux
1834 3359 2076 3412 Nemorosi
2089 3361 2215 3412 fece-

154 3441 353 3480 tentus.
371 3439 565 3493 reguum
581 3431 963 3495 Neapolitanum,
978 3443 1169 3481 rotam·
1230 3444 1298 3480 rat
1318 3427 1970 3497 vaticinams)consulenre,ut
1986 3430 2047 3479 cst
2065 3444 2218 3481 metus

156 3511 268 3566 quc
289 3494 480 3545 Italiam
495 3496 589 3556 jam
609 3492 715 3561 spe,
745 3499 796 3548 δι
824 3498 1167 3565 cupiditatem·
1228 3500 1407 3565 pudore
1418 3503 1679 3566 potentior,
1696 3497 2088 3566 Galli‘profligati3
2106 3499 2219 3549 inde

161 3561 374 3617 vaserat.
434 3559 693 3615 Consalvus
722 3569 822 3628 eius
854 3567 1042 3618 hortatu
1056 3566 1173 3617 fere-
1229 3582 1360 3634 capta
1388 3567 1629 3617 deditione
1660 3570 1888 3634 Neapoli,
1908 3608 1913 3613 .
1936 3569 2013 3619 vix
2054 3570 2220 3630 Caieta

161 3632 264 3685 bar
277 3631 488 3699 undique
504 3630 763 3684 occasiones
780 3634 922 3691 belli,
960 3640 1066 3685 Dux
1102 3650 1172 3684 re·
1231 3632 1404 3685 servata
1432 3649 1542 3685 toto
1570 3652 1718 3703 regno
1746 3633 1857 3700 pulli
1887 3632 2021 3692 sunt,
2056 3634 2221 3685 frustra

163 3699 318 3753 inuti
335 3698 517 3752 invidia
534 3735 551 3759 ‚
582 3700 825 3766 prudentia
840 3700 1090 3767 singulari,
1123 3706 1172 3752 &
1235 3700 1369 3752 miffo
1398 3702 1556 3771 postea
1571 3701 1598 3751 ὅ
1619 3711 1741 3770 Rege
1755 3704 1984 3757 exercitu:
2019 3702 2079 3753 fic
2092 3718 2224 3752 reeu-

156 3769 406 3838 parientia
421 3766 684 3819 incredibili
698 3804 722 3831 ,
737 3768 975 3839 praemiffis
990 3768 1176 3837 quibus·
1291 3786 1445 3822 ratum
1474 3773 1644 3821 iterum
1675 3785 1867 3838 regnum
1897 3771 2065 3823 iterum
2083 3769 2226 3822 amis·

157 3838 288 3894 dam
303 3837 734 3895 velitationibus-ac
751 3854 915 3911 pugnae
930 3837 1178 3907 paludib.
1232 3786 1336 3896 iiim
1356 3839 1440 3895 est.
1473 3836 1690 3960 flaec'felrf
1703 3853 1757 3891 ex
1772 3840 1908 3891 noro
1925 3843 2159 3957 Francicox.
2189 3899 2242 3957 Si

1664 3921 1680 3956 ι
