2738 4475
925 265 983 341 Ρ
1080 291 1141 348 Α
1230 286 1291 340 ιι
1391 288 1427 338 a
1548 267 1697 344 IV.
1887 305 1896 316 ,
2193 269 2320 365 361

295 385 464 491 paffa
479 386 616 474 est,
648 384 924 488 Hispani
943 386 1026 460 fic
1046 407 1310 472 tenent,
1348 411 1432 458 ne
1467 386 1614 457 ullis
1646 400 1826 456 extra
1861 379 1985 454 hos
2021 407 2183 455 unos
2212 391 2338 462 im-

300 513 471 588 pune
485 490 678 561 liceat
698 511 1082 562 commeare.
1141 492 1245 560 lta
1262 482 1412 555 solis
1432 488 1499 556 δι
1519 485 1674 555 licet
1694 492 1759 557 &
1779 481 1872 555 est
1890 484 2337 572 commodum,

295 590 546 662 illarum
561 587 855 688 gentium
873 587 1163 659 indolem
1267 580 1582 656 moscere.
1659 588 1811 674 Qa
1850 583 2092 656 veroin
2110 583 2337 659 eadem

303 709 485 786 parte
500 708 806 759 terrarum
827 734 853 773 ,
888 683 1054 757 nuda
1069 684 1179 756 b'ar
1227 682 1390 755 aries
1410 726 1433 762 ‚
1471 690 1539 755 &
1561 682 1780 782 generi
1794 680 2078 754 humano
2099 682 2350 780 puden-

308 784 388 857 da
405 835 427 868 ,
462 782 748 858 efferavit
763 786 1011 857 animos
1030 784 1386 856 incolarum
1408 826 1431 862 ,
1452 782 1640 852 nullis
1659 779 1903 881 legibus
1925 827 1945 863 ,
1964 781 2135 852 nulla
2153 783 2342 878 indu,-

311 883 464 956 stria
492 904 877 984 temperatos
892 932 914 965 ,
966 881 1311 997 diligenter
1345 900 1728 952 annotarunt
1762 905 1920 981 quos
1956 882 2106 951 illuc
2140 905 2340 982 opum

316 979 455 1081 spes
478 984 513 1055 a
531 983 895 1084 regionibus
917 978 1148 1053 nostris
1167 978 1360 1052 trahit
1375 1030 1401 1066 ,
1441 976 1761 1052 inconditi
1783 979 1998 1077 populi
2012 981 2349 1081 ingenium

313 1080 559 1155 nostros
576 1084 785 1155 cultus
803 1105 936 1154 non
957 1104 1183 1179 capere
1198 1136 1221 1165 ,
1279 1077 1359 1149 ad
1375 1076 1439 1149 se
1458 1076 1767 1150 adve&os
1800 1079 2171 1179 plerumque
2203 1104 2346 1155 tan·

307 1206 499 1280 quam
517 1181 911 1255 infidiatores
927 1178 1231 1251 libertatis
1248 1202 1366 1276 pro
1383 1175 1668 1247 hostibus
1689 1176 1918 1247 ducere
1936 1210 1960 1271 3
1997 1203 2114 1250 nec
2134 1179 2344 1253 deesse

307 1300 442 1354 tam
478 1280 731 1353 rudibus
768 1279 1000 1352 animis
1031 1278 1101 1349 in
1116 1274 1363 1374 flagitia
1384 1274 1839 1369 cailiditatem3
1877 1277 2344 1366 crudelitatem,

306 1399 499 1479 atque
540 1376 875 1477 perfidiam
895 1434 915 1465 ,
966 1376 1067 1451 his
1084 1393 1241 1449 mon
1273 1398 1417 1445 raro
1455 1374 1806 1474 prudentiae
1840 1383 1907 1450 &
1951 1371 2348 1454 fortitudinis

299 1477 457 1550 loco
487 1477 633 1549 effe.
1963 1519 1975 1530 ¹
2291 1551 2322 1558 .,

409 1580 680 1647 Horum
698 1572 959 1643 ulterius
980 1596 1192 1646 mores
1214 1570 1378 1642 tradi
1392 1570 1737 1668 quidjuvet
1756 1622 1782 1661 ,
1815 1575 1925 1674 qui
1943 1570 2080 1649 fero
2100 1577 2350 1678 impetu

311 1675 644 1745 Naturam
681 1670 976 1744 videntur
1006 1665 1236 1742 exuisse
1255 1674 1286 1738 Ρ
1338 1667 1697 1743 Praesertim
1726 1697 1870 1745 cum
1884 1670 2007 1746 suis
2026 1678 2348 1749 littoribus

319 1767 627 1869 terrisque
643 1769 937 1841 contenti
956 1769 1075 1844 (int
1096 1803 1121 1864 3
1169 1791 1376 1869 neque
1394 1766 1470 1839 ad
1489 1766 1551 1841 se
1572 1792 2008 1846 commeantes
2025 1823 2046 1855 ‚
2079 1775 2190 1848 nisi
2208 1776 2352 1847 sub-

315 1871 451 1941 aeti
468 1915 490 1951 ,
525 1869 715 1942 autin
733 1865 936 1938 solum
960 1866 1177 1942 subitae
1194 1888 1557 1941 mercaturae
1576 1866 1753 1941 usum
1770 1919 1792 1952 ‚
1811 1873 2153 1968 excipiant.
2261 1957 2262 1960 Ἴ

302 2029 309 2030 ff
407 1965 561 2048 Sed,
580 1991 647 2037 ut
668 1967 708 2041 ἓι
729 1964 1031 2066 gentibus
1054 1967 1385 2047 abeamm,
1422 1969 1521 2039 vel
1543 1970 1791 2067 ignotis
1812 2015 1834 2048 ,
1874 1972 1976 2041 vel
2002 1971 2207 2046 nimio
2224 1994 2352 2045 ter-

302 2090 513 2138 rarum
548 2067 951 2162 mariumque
985 2063 1355 2137 discrimine
1386 2064 1422 2135 a
1452 2068 1666 2138 nostra
1683 2064 2111 2141 familiaritate
2130 2069 2352 2145 subdu·

301 2162 428 2239 {etis
450 2199 476 2260 3
495 2164 574 2237 de
595 2162 798 2235 nostri
824 2162 1028 2235 Orbis
1046 2164 1279 2236 incolis
1298 2164 1620 2265 genioque
1636 2165 2090 2265 quaerentibus,
2105 2196 2187 2244 ne
2205 2173 2352 2271 qui-

306 2264 455 2339 dem
473 2263 848 2364 supervacua
863 2259 1252 2363 disceptatio
1264 2264 1385 2334 erit
1406 2262 1488 2335 de
1503 2267 1840 2365 regionum
1862 2270 2064 2349 cultu,
2080 2270 2162 2343 de
2183 2297 2346 2344 con-

308 2364 553 2437 ditione
566 2386 871 2440 terrarum
893 2412 919 2449 ,
950 2365 1257 2463 coeloque
1273 2363 1559 2462 propitio
1577 2410 1600 2447 ‚
1641 2366 1746 2439 vel
1781 2365 2083 2440 alterutra
2110 2373 2352 2443 intem-

307 2465 487 2562 perie
517 2464 718 2564 gravi.

2004 2564 2353 2637 error

315 2743 375 2778 ea
395 2724 620 2780 solemnis
660 2727 844 2781 mentio
872 2726 941 2781 fir.
988 2730 1296 2799 Distinpnmt
1362 2718 1895 2786 exanadamanfoznia.
1933 2727 2199 2780 lnoeeiduo
2213 2731 2358 2780 latere
2469 2739 2477 2747 ·

310 2811 471 2847 autem
487 2797 750 2851 Anaeticam
777 2796 827 2847 in
858 2798 1299 2868 septentrionalem,
1358 2796 1418 2846 ad
1444 2794 1616 2848 fretum
1644 2797 1910 2859 Aniauduo
1925 2812 2097 2866 regua,
2127 2795 2355 2866 Quiviva.

313 2880 416 2932 qua
445 2866 687 2917 Meziana
710 2863 809 2926 est,
841 2867 891 2916 &
920 2867 1298 2926 meridionalem,
1361 2864 1606 2917 &Aniam
1642 2872 1785 2918 Porro
1806 2862 1956 2917 solum
1971 2882 2113 2926 auro,
2141 2882 2357 2935 argento.

312 2950 413 3001 φτ
429 2934 710 2991 Peruviana;
737 2936 901 3003 exiguo
914 2934 1093 2986 Isthmo
1106 2937 1301 2988 alteram
1598 2932 1726 2987 dive·
1742 2970 1764 2996 ,
1787 2936 1923 2985 omni
1983 2950 2119 2985 encre
2135 2940 2356 2987 animan-

310 3001 373 3054 ab
389 3003 533 3052 altera
546 3002 864 3053 discernente:
896 3001 1031 3063 huius
1044 3000 1203 3053 forma
1214 3003 1303 3053 rri-
1364 3003 1484 3054 tium
1570 3016 1702 3062 tens,
1720 3000 1956 3069 piscibusa
2089 3018 2192 3059 ans.
2215 3002 2365 3053 refer-

308 3067 581 3138 quetraest,
612 3086 712 3139 qua
744 3070 794 3121 in
821 3071 912 3122 tria
938 3068 1215 3138 ampliffirna
1238 3072 1306 3121 la·
1364 3083 1467 3122 tum
1510 3072 1793 3141 margaritis.
1844 3069 2103 3138 Indigenae,
2144 3070 2359 3135 quamvis

306 3150 409 3189 tera
418 3139 639 3205 panditur
656 3171 672 3196 ,
702 3139 817 3189 &in
831 3136 905 3190 sex
917 3140 1130 3208 regiones
1145 3137 1309 3190 distin-
1367 3136 1577 3189 moribus
1606 3138 1856 3206 agrestibus
1884 3135 2006 3193 fint,
2067 3141 2176 3185 Deo
2201 3150 2361 3186 tamen

311 3208 595 3275 guitur,quz
609 3205 713 3258 fiant
728 3206 924 3258 castilla
934 3222 1070 3258 aurea
1083 3207 1309 3267 ‚Peruvia
1365 3205 1507 3257 litant
1521 3203 1725 3263 barbaria
1741 3203 1906 3255 ritibus
1921 3201 2029 3253 suis.
2077 3209 2246 3254 verum
2272 3203 2366 3273 qui

311 3287 448 3325 terra
490 3286 627 3327 motu
667 3290 811 3343 nuper
850 3270 1094 3335 concuffag
1126 3273 1310 3326 Brafilia
1371 3272 1430 3324 ab
1458 3272 1691 3339 Europoeis
1722 3269 1955 3320 habitatur
1983 3271 2202 3321 Ameria
2213 3304 2239 3333 ,
2267 3274 2366 3323 illic

311 3357 460 3410 qaam
507 3342 695 3395 Indiam
750 3342 912 3393 dicum
940 3343 1308 3400 occidentalem,
1366 3340 1535 3407 religio
1562 3337 1827 3390 Christiana
1854 3338 1997 3405 viget.
2033 3336 2214 3391 *Insulae
2242 3355 2362 3407 pene

304 3409 458 3462 ehiea
485 3410 799 3480 Mageumim
811 3409 937 3462 freto
951 3409 1133 3469 defixa,
1167 3426 1306 3478 quam
1371 3408 1623 3458 innumera:
1639 3408 1759 3456 latus
1771 3419 2049 3473 utrumme,
2075 3403 2149 3458 sed
2164 3410 2369 3460 maxime

305 3484 575 3548 Patagones
628 3479 875 3537 incolunt,
925 3478 1152 3546 stupenda
1190 3493 1305 3544 gens
1372 3476 1746 3542 Eoumcingmrt·
1796 3470 2013 3533 Subiestae
2040 3478 2225 3544 utrique
2251 3479 2370 3544 polo

301 3548 598 3616 pmceritatis
615 3580 633 3606 ‚
663 3560 830 3614 utpote
855 3545 913 3597 ad
940 3561 1114 3599 novem
1141 3544 1310 3599 velde-
1371 3543 1512 3624 plagae
1543 3542 1791 3610 incognite
1816 3538 1956 3597 sunt.
1985 3544 2037 3592 δι
2065 3558 2116 3594 ut
2143 3546 2377 3604 creditur,

306 3631 410 3665 eem
437 3616 612 3682 pedum
642 3610 910 3666 meufimm
939 3611 1190 3683 affurgena.
1231 3617 1309 3664 se-
1373 3608 1701 3661 mhabitabiles
1718 3623 1903 3676 propter
1919 3612 2039 3661 solis
2054 3609 2245 3665 receffus
2260 3646 2282 3674 ‚
2313 3615 2364 3662 δε

307 3686 683 3751 ptentrionalem
712 3682 1064 3734 Americamhae
1091 3680 1307 3748 regiones
1375 3680 1738 3746 inaequalitatem
1775 3677 1975 3728 dierum.
2024 3682 2198 3731 Amnis
2212 3681 2370 3750 praeci-

307 3750 526 3803 dividunt
538 3785 563 3813 ,
575 3751 773 3802 Canada
788 3783 810 3811 ,
824 3765 948 3803 nova
965 3751 1153 3799 Francia
1169 3782 1186 3806 ‚
1204 3749 1310 3798 Vir·
1374 3763 1490 3815 pum
1506 3745 1571 3797 est
1586 3744 1636 3796 in
1652 3758 1780 3812 parte
1796 3745 1998 3796 Australi
2024 3751 2101 3810 Rio
2109 3746 2165 3798 de
2174 3754 2367 3816 lapid«.

298 3819 471 3891 ginia,
505 3819 736 3881 Florida,
767 3833 891 3871 nova
916 3814 1166 3885 Hispania,
1194 3830 1315 3871 nova
1379 3815 1532 3869 amnis
1547 3827 1808 3884 argentem-
2169 3818 2178 3827 ‘
2311 3870 2347 3893 Ἴ·

1819 3896 1855 3942 Ζ
1887 3902 1910 3953 5
2172 3899 2194 3934 1
2231 3878 2378 3932 Gau·-
