2738 4475
939 281 996 357 P
1098 313 1145 361 A
1248 307 1319 362 n·
1402 290 1702 360 stvl.
2179 287 2323 379 679

417 410 533 464 Una
557 403 663 462 dies
697 400 877 459 Fabios
902 399 985 480 „ad
1012 400 1202 462 benum
1234 402 1447 477 miserat
1472 420 1661 467 omnes,

184 525 189 529 -
393 539 401 546 ‚,
507 484 602 539 Ad
631 480 820 541 bellum
845 478 1007 555 mtffis
1029 482 1258 556 perdidit
1285 501 1399 539 una
1420 483 1545 538 dies.

268 565 340 620 Et
371 561 521 628 alibi,

509 725 627 775 m„
650 637 1386 790 ,mamam
1397 654 1632 775 ziiff'·

354 797 504 854 Nam
522 816 591 853 ex
609 809 759 855 tanta
778 795 1069 852 Fabiorum
1087 795 1241 852 clade
1258 815 1399 853 unus
1415 813 1630 855 tantum
1648 792 1919 873 superfuit
1935 831 1953 858 ‚
1978 804 2080 870 qui
2110 810 2224 850 non
2237 792 2312 851 ad.

265 894 423 934 arma
440 895 534 952 per
553 889 769 932 aetatem
786 874 1016 932 idoneus
1035 875 1094 931 in
1112 872 1245 930 urbe
1264 874 1487 933 relidius
1501 876 1609 944 est3
1652 894 1721 931 ex
1750 875 1906 948 cujus
1929 871 2195 950 sanguine
2213 890 2306 946 per

266 953 494 1032 longam
513 968 781 1029 nepotum
800 951 995 1010 seriem
1015 968 1168 1010 ortus
1200 955 1273 1011 est
1293 955 1486 1011 Fabius
1500 955 1596 1012 ille
1613 955 1895 1012 Maximus
1913 991 1930 1016 ‚
1956 953 2054 1027 qui
2071 949 2306 1007 dietator

267 1032 518 1090 adversus
536 1032 865 1090 Annibalem
885 1032 1068 1089 didius
1083 1032 1468 1091 cunctabunda
1486 1033 1726 1111 quadarn
1744 1032 2036 1109 prudentia
2050 1048 2170 1085 rem
2187 1031 2304 1085 Ro-

263 1130 489 1169 manam
520 1111 755 1170 aliorum
773 1112 1179 1187 Imperatorum
1200 1120 1512 1172 temeritate
1531 1109 1908 1169 labefactatam
1928 1148 1944 1173 ,
1979 1110 2190 1185 primus
2217 1126 2310 1164 re·

253 1191 448 1247 stituit.
510 1192 774 1269 AEnigma
791 1189 1032 1248 solutum
1049 1192 1139 1248 est.
1183 1190 1284 1247 Sed
1303 1191 1627 1268 ambagibus
1643 1189 1849 1247 omissis
1862 1188 1929 1246 ad
1948 1186 2195 1245 mensam
2214 1189 2311 1272 aj-

260 1270 610 1327 cumbamus.
670 1270 860 1346 Qem
882 1271 1070 1328 Venus
1087 1268 1358 1328 arbitrum
1378 1271 1530 1328 dicet
1544 1268 1793 1328 bibendi?
1834 1266 2054 1326 Retulit
2078 1266 2309 1325 Alctbo·

255 1347 442 1425 philus
463 1369 476 1406 :
506 1351 700 1407 Tuum
717 1347 792 1406 cst
808 1347 1089 1424 praefidere
1108 1350 1394 1414 convivio,
1415 1350 1684 1410 Macrine,
1699 1346 1922 1426 quando
1936 1345 2046 1421 ipse
2065 1359 2126 1402 tu
2144 1346 2308 1420 dapes

256 1427 422 1483 nobis
439 1424 622 1493 offers,
644 1431 699 1486 St
714 1447 801 1486 eas
813 1429 1045 1503 quidem
1064 1427 1314 1485 conditas
1332 1426 1479 1486 laute
1497 1431 1551 1486 &
1568 1429 1790 1505 opipare
1808 1452 1827 1496 3
1857 1423 1944 1482 sed
1961 1443 2093 1482 cum
2111 1426 2306 1485 animo

255 1505 518 1580 inprimis
534 1507 589 1562 ἃ
604 1506 830 1570 liberali,
843 1509 898 1564 &
914 1503 1201 1562 benevolo,
1238 1508 1372 1564 Non
1393 1506 1552 1584 plura
1566 1507 1850 1584 loquutus,
1868 1506 1926 1561 in
1943 1501 2164 1560 summo
2178 1505 2304 1559 Rex

260 1583 508 1639 convivii
527 1581 663 1641 stdit
679 1582 824 1648 loce,
845 1588 897 1644 δε
915 1583 985 1640 ab
1000 1601 1111 1640 ovo
1128 1583 1193 1642 ad
1209 1602 1448 1659 pomum
1464 1586 1746 1664 aliquidin
1822 1585 1916 1642 nio
1933 1580 2030 1640 suo
2045 1582 2322 1658 dignum,

261 1661 418 1736 quod
457 1660 598 1718 mihi
633 1663 807 1740 magis
836 1661 1070 1738 sapiebat
1086 1681 1256 1740 quarn
1271 1664 1435 1742 dapes
1451 1662 1580 1721 licet
1596 1684 1687 1723 me
1750 1683 1795 1721 is
1813 1663 2087 1719 Saliorum
2103 1660 2301 1716 lautio-

267 1740 556 1804 res,dicam
578 1740 758 1797 hercle
775 1759 923 1815 pares
939 1741 1276 1821 Heliogabali
1292 1744 1467 1819 epulis
1480 1743 1639 1820 cujus
1652 1743 1851 1801 luxum
1867 1738 2317 1798 describitHero«

258 1816 477 1881 dianus,
503 1833 598 1876 aut
610 1821 804 1895 patinis
823 1820 1051 1885 Vitellii,
1070 1823 1131 1879 in
1146 1822 1399 1880 medium
1420 1822 1666 1897 protulit.
1734 1818 1935 1877 Procul
1951 1816 2080 1875 inde
2090 1818 2318 1891 Cypris,

265 1898 326 1954 &
356 1897 536 1973 proles
550 1898 665 1971 ejus
678 1899 949 1976 armigera
962 1937 980 1964 ‚
1009 1918 1149 1976 cum*
1172 1902 1371 1958 auratis
1405 1901 1511 1958 suis
1525 1899 1799 1979 sagittulis
1817 1898 2020 1956 amoris
2030 1892 2321 1969 symbolo,

303 1975 460 2032 rocul
481 1975 659 2034 versus
679 1975 1014 2043 Fescennini.
1033 1984 1090 2040 &
1106 1979 1266 2036 verba
1285 1980 1670 2038 Alexandrinis
1687 1992 1779 2036 aut
1797 1975 1996 2034 Siculis
2013 1973 2209 2031 assueta
2222 1972 2315 2030 de·

284 2054 406 2111 iciis
422 2077 436 2111 :
461 2057 651 2130 prima
666 2056 850 2113 mensa
866 2055 1070 2134 linguis
1084 2059 1325 2133 parcitur
1339 2096 1358 2119 ‚
1408 2058 1632 2118 &labiis
1650 2056 1800 2115 facio
1813 2054 2026 2116 filentio
2045 2093 2061 2115 .
2087 2051 2310 2109 tandem

259 2131 510 2190 :secundis
549 2136 748 2192 mensis
765 2132 983 2192 saturati
1002 2135 1178 2193 multa
1194 2135 1263 2193 de
1281 2136 1621 2208 Prometheo
1636 2135 1738 2193 illo
1753 2131 2002 2192 fabuloso
2018 2148 2190 2209 quem
2211 2129 2311 2186 ho·

262 2213 437 2269 minis
457 2210 710 2271 sustorem
725 2214 884 2290 ajunt
903 2254 919 2279 .
936 2216 991 2273 &
1008 2215 1083 2272 ob
1094 2228 1318 2292 raptum
1335 2216 1483 2293 ignis
1497 2214 1528 2274 ἐ
1546 2213 1694 2274 coelo
1714 2252 1732 2272 .
1756 2231 1872 2291 quo
1889 2210 2046 2270 suum
2069 2209 2307 2288 figmen-

261 2304 386 2348 tum
417 2294 711 2356 animaret.
722 2292 960 2351 Caucaso
976 2294 1261 2373 alligatum
1287 2316 1300 2351 z
1345 2295 1554 2366 lstbinc
1567 2294 1721 2351 enim
1741 2291 1846 2349 effe
1860 2289 2131 2369 docebant
2145 2285 2311 2345 coele'·

265 2368 401 2425 stem
420 2369 666 2427 hominis
678 2372 764 2427 ori
806 2373 993 2429 hem:
1037 2371 1215 2430 multa
1229 2373 1297 2431 de
1314 2373 1565 2447 fanaticis
1594 2371 1908 2448 spiritibu53
1938 2371 2006 2426 de
2034 2367 2310 2425 lustratio·

267 2447 428 2504 nibus
447 2453 503 2507 δι
517 2446 769 2503 libationi
811 2467 872 2503 us
888 2451 1246 2522 antiquorum
1266 2474 1282 2515 3
1320 2452 1390 2505 de
1422 2451 1580 2507 sacris
1608 2449 1909 2522 prophanis
1927 2486 1944 2510 ,
1975 2451 2029 2504 ὃ(
2061 2446 2314 2503 sacerdo-

264 2538 389 2581 tum
407 2524 548 2582 dolis
559 2539 722 2601 atque
738 2523 950 2580 lascivio
968 2562 986 2589 ,
1014 2525 1083 2582 de
1108 2524 1243 2584 uide
1260 2531 1316 2584 δι
1338 2526 1526 2583 Anubi
1546 2563 1563 2590 ‚
1602 2527 1780 2601 deque
1810 2520 2166 2581 Mauriscaleo
2196 2525 2309 2599 pri·

264 2601 358 2661 sco
379 2604 709 2660 Heduorum
727 2602 864 2658 Deo.

349 2757 622 2834 Qaefivit
637 2756 666 2816 a
680 2758 928 2815 convivis
946 2681 1334 2834 Alethoghilus
1351 2797 1366 2822 .
1395 2758 1531 2837 quid
1547 2754 1829 2816 differrent
1842 2757 2094 2833 Epicurei
2112 2796 2130 2823 ‚
2162 2762 2214 2819 ὅ(
2236 2757 2316 2815 A«

267 2837 385 2896 thei
405 2839 420 2889 .'
445 2836 776 2895 haerentibus
791 2837 909 2894 aliis
924 2837 1140 2894 asseruit
1152 2837 1253 2895 hac
1270 2838 1326 2894 in
1342 2857 1401 2893 re
1417 2836 1724 2896 consentire
1736 2876 1753 2901 ‚
1778 2837 1931 2908 quod
1946 2837 2156 2895 animas
2173 2838 2309 2895 utri·

264 2936 377 2994 que
391 2914 731 2975 affirmarent
745 2916 851 2972 ess‘e
865 2915 1121 2974 mortales
1138 2938 1156 2970 .·
1189 2916 1334 2973 unde
1349 2916 1487 2974 illud
1506 2914 1778 2975 distichon
1793 2914 2075 2993 Epicurei,

423 2995 712 3053 Mor-ulem
740 3014 861 3053 cum
886 3010 941 3052 te
961 2996 1099 3052 norit
1116 3033 1132 3058 ,
1166 2993 1492 3070 presentibus
1523 2994 1677 3071 exple

388 3102 406 3122 ο
422 3075 634 3132 Deliciis
661 3079 897 3132 animum
910 3113 927 3137 ‚
967 3073 1076 3149 post
1105 3070 1325 3131 moriem
1352 3078 1498 3131 nulla
1525 3074 1793 3150 voluptas.

268 3152 487 3232 Qibus
504 3152 709 3210 Atheos
725 3173 800 3231 qu
885 3171 953 3208 ue
967 3152 1204 3210 assentiri
1225 3170 1337 3209 non
1352 3152 1608 3208 dubium.
1651 3151 1986 3211 Diffentiuut
2007 3169 2139 3209 vero
2154 3152 2317 3228 quod:

268 3229 527 3365 {ligeum
545 3233 783 3291 omnino
798 3243 857 3290 to
876 3231 1006 3289 lunt
1024 3251 1038 3288 ι
1085 3230 1169 3289 Illi
1203 3230 2148 3306 tautummodoquspmvidentiam
2165 3232 2316 3289 circa

298 3329 331 3365 u
392 3327 590 3368 unam.
1381 3336 1386 3341 ·

350 3389 611 3445 Burrinus
626 3388 814 3446 adhaec
834 3426 850 3451 ,
884 3388 1121 3462 plurima
1151 3390 1466 3447 etiamnum
1501 3386 1646 3446 mihi
1673 3402 2016 3454 occurrunt,
2057 3407 2180 3466 quae
2208 3408 2310 3465 per

270 3466 592 3523 convivium
616 3467 870 3523 videntur
888 3486 999 3525 non
1017 3466 1303 3535 solvenda;
1346 3466 1500 3524 verbi
1513 3463 1693 3532 causa.
1712 3482 1904 3525 utrum
1934 3482 2079 3525 certa
2092 3466 2221 3524 essct
2235 3468 2309 3525 de
2425 3488 2430 3491 ·

267 3543 634 3603 Daemonibus
648 3545 841 3620 opinio
855 3583 871 3607 ,
904 3544 940 3601 fi
958 3546 1166 3605 incerta
1180 3547 1248 3604 de
1265 3550 1406 3604 Deo.
1464 3546 1684 3605 Deinde
1694 3586 1713 3612 .
1731 3564 1800 3604 aa
1815 3548 1993 3605 ,mund
2001 3567 2061 3604 us
2072 3544 2139 3605 fit
2152 3562 2305 3604 aeter-

266 3642 406 3691 nus3
443 3625 499 3680 &
515 3623 649 3698 quid
666 3621 1007 3680 sentiendum
1024 3624 1090 3681 de
1108 3625 1289 3683 Plinio
1304 3662 1320 3685 ‚
1361 3626 1459 3704 qui
1477 3636 1572 3683 aut
1587 3627 1772 3683 Deum
1789 3638 1954 3702 negat
1968 3664 1986 3690 ,
2024 3642 2118 3684 aut
2132 3624 2316 3700 ipsam.

272 3716 526 3758 naturam
563 3702 745 3757 Deum
762 3701 867 3757 effe
883 3700 1041 3775 docet
1056 3721 1360 3780 perperam.
1422 3708 1554 3763 lmo
1628 3704 1724 3762 uid
1758 3704 1827 3762 de
1858 3703 2270 3764 Prae·Adamitis
2285 3704 2310 3754 ἶ

268 3783 443 3842 Tum,
475 3779 513 3834 fi
534 3779 811 3835 mundum
826 3794 1091 3838 aeternum
1111 3783 1215 3840 ess'c
1230 3825 1247 3849 ‚
1264 3781 1433 3841 scelus
1449 3784 1526 3841 est
1543 3723 1843 3848 affirmare,
1874 3783 2165 3861 &quonam
2185 3778 2318 3835 fue-u

265 3860 342 3919 rit
358 3858 617 3917 conditus
631 3899 651 3925 ,
666 3862 719 3919 &
734 3856 763 3918 ὲ
778 3876 894 3936 quo
912 3871 1162 3938 tempore
1183 3901 1205 3928 ,
1230 3866 1284 3922 δε
1300 3881 1369 3921 au
1385 3862 1568 3939 plures
1582 3862 1723 3922 fine?
1759 3863 1916 3935 Quid
1939 3864 2010 3922 de
2042 3857 2304 3994 ωυῑυὲιζ

1331 3943 1383 3997 V
1406 3959 1439 3998 v
1475 3959 1518 4015 4
2288 3954 2321 3993 e
