2738 4475
473 231 618 325 ‚336
978 222 1486 294 Eupnoau.
1536 224 2020 292 Sarvnrcr

464 350 702 423 eell'ant
717 344 998 419 lenitatis
1015 340 1128 413 ista
1145 362 1487 439 praecepta3
1511 364 1868 441 tumorque,
1896 365 2135 417 naturae
2157 343 2319 418 vitio
2330 349 2533 424 enat-⁸-

470 475 669 530 eens,
711 452 905 545 quem
942 441 1104 539 saepe
1138 442 1710 538 parentumlenitas
1725 441 1799 513 ad
1816 444 2046 515 ulceris
2066 446 2511 522 maturitatem

469 546 680 630 fovet,
694 544 896 616 adhue
918 542 1145 612 crudus
1163 565 1237 610 ac
1260 536 1459 610 facilis
1477 539 1810 612 exsecetur.
2144 605 2147 606 γ

571 651 724 719 Hoc
763 641 960 713 modo
976 638 1187 736 lepida
1208 641 1476 735 pueritia
1492 637 1608 711 suae
1630 646 1692 711 &
1716 661 2042 737 parentum
2061 643 2379 740 voluptati
2395 670 2504 717 re-

468 748 822 842 linquetur,
846 749 943 819 δε,
963 738 1300 838 postquam
1338 736 1693 833 expleverit
1728 740 2054 809 stultitiam
2095 743 2509 818 innoxiarum

472 836 1069 940 cupiditatum‚ipsa
1088 858 1238 910 aetas
1260 839 1566 931 paulatim
1593 836 1785 908 studia
1800 837 2069 908 mutabit
2091 896 2112 924 ,
2141 841 2512 941 radicesque
2550 907 2553 908 γ

471 948 778 1026 virtutum
796 935 1185 1017 adolescent,
1203 960 1354 1030 quas
1378 935 1493 1032 ipsi
1509 936 1641 1027 jam
1661 962 1791 1007 non
1810 940 2058 1035 impetu
2079 987 2100 1019 ‚
2141 937 2248 1012 sed
2266 942 2512 1032 judicio

473 1039 802 1117 amabunt.
852 1041 919 1108 T
927 1063 1047 1107 unc
1084 1033 1352 1106 afferent
1383 1033 1461 1104 ad
1485 1032 1983 1108 adolescentiam
2002 1092 2024 1119 ‚
2067 1045 2130 1111 &
2155 1039 2231 1110 ad
2252 1039 2511 1137 crepus-

472 1145 683 1216 culum
721 1138 1114 1235 prudentiae,
1150 1154 1440 1207 mentem
1490 1132 1800 1217 liberam,
1837 1135 2307 1235 placidamque,
2359 1165 2506 1236 quar

471 1243 551 1314 ad
586 1242 754 1311 illius
788 1239 943 1308 lucis
979 1233 1518 1335 pulchritudinem
1552 1235 1619 1307 vi
1655 1234 1776 1309 suae
1813 1234 2218 1308 institutionis
2237 1235 2506 1313 obversa

473 1341 572 1415 fit.

525 1439 652 1513 Sed
668 1458 737 1508 ut
754 1427 1294 1508 omnisteffitudo
1310 1429 2505 1533 diverfisvitiisoppugnatur,plusinter

471 1536 561 1624 se,
581 1564 770 1639 quam
795 1560 939 1607 cum
964 1532 1172 1606 media
1192 1533 1428 1603 virtute
1444 1532 1828 1604 luctantibus
1847 1563 1869 1620 3
1889 1538 1977 1605 ita
1993 1533 2098 1631 qui
2114 1534 2365 1606 acerbos
2383 1533 2497 1604 ad·

351 1725 355 1730 Q
473 1640 596 1711 huc
621 1639 871 1709 animos
896 1655 1128 1708 vocant
1144 1632 1222 1703 ad
1242 1632 1508 1702 nimiam
1528 1636 1955 1704 maturitatem
1975 1632 2315 1705 studiorum
2335 1689 2353 1717 ‚
2371 1657 2506 1704 non

361 1815 367 1820 ,
473 1738 687 1810 durius
707 1751 973 1832 oportet
994 1731 1294 1813 accusari,
1339 1756 1530 1828 quam
1546 1731 1803 1828 ignaros
1823 1732 2053 1803 virium
2085 1759 2239 1830 quas
2264 1736 2511 1804 Natura

468 1836 785 1928 ejusmodi
805 1836 973 1906 aetati
1002 1828 1332 1904 eonceffit.
1389 1833 1565 1900 Nam
1588 1836 1602 1864 ¹
1629 1852 2050 1926 praeterquam
2074 1832 2250 1930 quod
2264 1825 2511 1931 quibus·

477 1937 627 2020 dam
646 1935 746 2008 cst
757 1959 1008 2033 praecox
1028 1929 1382 2028 ingenium,
1408 1932 1474 1996 δι
1498 1927 1737 1996 'Curiae
1757 1950 1956 2018 capax
1978 1954 2288 2023 pra-texta
2309 1939 2514 2028 Papy-

476 2039 599 2118 rii,
635 2035 731 2108 est
767 2032 964 2102 etiam
1003 2031 1039 2098 a
1081 2045 1298 2096 natura
1319 2025 1447 2093 illis
1464 2024 1643 2092 annis
1661 2019 1776 2089 dos
1798 2018 1903 2091 sua
1923 2047 2121 2122 atque
2145 2025 2356 2101 sensus
2375 2078 2397 2115 ,
2420 2031 2517 2099 vis

2392 2123 2521 2199 sci·-

466 2285 555 2337 δας
569 2283 802 2353 gratiaque
812 2278 1029 2330 decertat.
1081 2275 1264 2343 Quidni
1280 2312 1297 2336 ,
1333 2280 1385 2330 δι
1416 2276 1447 2330 fi
1573 2293 1596 2328 1
1653 2286 1952 2347 Praeerqum
1998 2282 2114 2349 quod
2144 2285 2401 2350 quibust„
2446 2292 2524 2341 ,ἢ

466 2351 566 2405 sero
594 2349 768 2419 sapiant
789 2348 1021 2415 Phryges?
1049 2348 1310 2398 lancinatur
1344 2363 1445 2398 tan·
1498 2363 1658 2415 preca·
1669 2349 1927 2417 ingenim-1
1948 2352 2126 2400 Natura
2141 2353 2216 2401 vix
2230 2354 2325 2402 alia
2338 2370 2522 2405 rema-

469 2423 580 2473 dem
606 2436 717 2488 puer
747 2419 966 2468 anteastae
978 2416 1080 2467 vita
1097 2413 1321 2474 horrore,
1353 2418 1451 2483 pri-
1506 2417 1575 2483 gis
1592 2431 1732 2483 quam
1744 2417 1969 2467 varietate
1984 2418 2236 2481 deleciatur
2255 2453 2270 2475 .
2310 2420 2363 2469 δι
2394 2418 2515 2471 nus·

471 2488 666 2557 mosque
693 2485 975 2556 agritudinis
1006 2499 1162 2533 morus
1189 2487 1338 2535 Coelo
1359 2482 1452 2536 ob·
1509 2499 1649 2549 quam
1666 2482 2016 2551 ingeniosorem
2033 2483 2123 2535 effe
2143 2486 2316 2538 decuit.
2363 2486 2519 2541 Estin

472 2560 742 2613 stetticante
785 2554 1042 2605 eiustatur:
1090 2551 1236 2607 victus
1265 2552 1458 2603 horrore
1512 2549 1782 2619 quibusdam
1811 2557 2053 2604 memoria
2093 2556 2144 2604 δι
2179 2553 2425 2622 phantasia
2463 2573 2522 2607 a·

472 2632 713 2697 culparum
754 2624 939 2674 animus
975 2621 1050 2672 vix
1085 2616 1251 2671 sufficit
1284 2621 1475 2671 dolori..
1514 2620 1635 2669 etior
1666 2621 1737 2671 via
1774 2619 1834 2671 ad
1863 2617 2171 2690 suscipiendas
2199 2624 2429 2692 imagines
2446 2642 2523 2677 re·

472 2698 732 2766 Aperiatur
765 2706 918 2742 mater
944 2689 1056 2741 dum
1090 2690 1329 2756 opperitur
1364 2690 1462 2739 nati
1520 2704 1654 2739 turn:
1687 2688 1949 2752 hosjudieii
1968 2692 2212 2742 maturitas
2231 2725 2248 2749 ‚
2275 2694 2382 2743 illos
2397 2695 2526 2744 cele-

469 2765 761 2833 supplicium.
827 2762 917 2810 llla
963 2772 1125 2808 necem
1167 2758 1466 2823 depreeatur,
1521 2759 1633 2806 ritas
1654 2756 1949 2824 intelligendi
1963 2760 2295 2811 commendate
2315 2760 2390 2811 ΕΛ
2404 2778 2525 2828 prz-

471 2849 616 2902 quam
645 2832 724 2879 ille
749 2840 801 2876 ut
821 2827 1045 2877 ‘meritam
1061 2824 1140 2874 fibi
1157 2826 1471 2892 imprecatur:
1525 2838 1652 2875 terea
1680 2826 1916 2892 quoddam
1933 2828 2229 2895 ingeniorum
2244 2845 2417 2895 precox
2429 2845 2520 2896 ge-

467 2897 553 2956 illa
579 2915 680 2951 rem
707 2895 991 2946 familiarem
1015 2909 1210 2960 eamque
1237 2892 1460 2959 ampliffi-
1525 2908 1612 2943 nus
1628 2893 1786 2961 ,quod
1800 2895 1878 2944 vix
1893 2911 2100 2963 unquam
2118 2897 2323 2963 pervenit
2339 2896 2397 2945 ad
2411 2897 2517 2946 fru-

473 2986 607 3024 mam
638 2966 838 3027 objicit3
887 2962 959 3011 hic
994 2977 1165 3029 egenos
1200 2959 1387 3012 heredes
1416 2978 1470 3011 ex
1522 2976 1630 3029 gem
1651 2984 1665 3021 ς
1688 2978 1797 3011 nam
1822 2961 2022 3014 herbula
2039 2963 2123 3013 istc
2135 2963 2343 3013 inanibus
2358 2963 2512 3015 aristis

475 3036 566 3092 affe
581 3034 828 3102 relinquit:
846 3028 973 3098 Qud
987 3033 1146 3096 plura?
1171 3045 1271 3079 non
1287 3035 1459 3080 co‘ntu·
1523 3044 1635 3079 ante
1664 3028 1855 3080 mefl‘em
1888 3028 2162 3088 flavescunt,
2212 3045 2334 3080 rarus
2366 3032 2515 3099 igitur

481 3105 634 3162 maci5
649 3104 818 3156 fetrum
832 3112 1054 3167 provocat
1071 3132 1086 3155 ,
1100 3114 1200 3148 non
1217 3100 1473 3159 jactatione
1519 3099 1599 3148 ille
1613 3099 1690 3166 qui
1705 3115 1812 3148 cum
1829 3099 2039 3149 Pandora
2052 3100 2192 3149 dosto
2207 3102 2429 3149 Minerva:
2449 3090 2517 3150 fi-

473 3175 656 3231 fetrum
671 3172 760 3222 reci
795 3170 847 3220 it.
868 3167 1128 3234 defiguntur
1143 3182 1312 3217 omnes
1329 3183 1383 3217 ea
1400 3169 1467 3223 iu·
1522 3167 1621 3217 &us
1639 3168 1807 3231 pollice
1819 3169 2113 3235 prudentiam
2131 3166 2406 3236 (iugularem
2430 3166 2521 3219 ob·

483 3260 634 3297 ventae
661 3257 752 3292 con
792 3237 932 3288 antia'
950 3235 1106 3286 medio
1122 3236 1169 3285 in
1186 3232 1333 3301 spatio
1350 3237 1475 3285 inte-
1521 3236 1687 3293 tinuit,
1703 3237 2295 3304 ingeniiacuminevaluit‚
2332 3252 2526 3288 memo-

481 3330 573 3380 grae
601 3311 750 3360 :tatia
777 3302 1011 3357 demess'ae:
1039 3303 1097 3354 fic
1127 3305 1297 3355 inolita
1324 3320 1474 3373 neque
1528 3302 1594 3354 rii
1611 3304 1838 3354 excelluit.

483 3374 676 3447 repressa
701 3373 986 3425 consuetudo
1008 3370 1238 3441 incalescit
1256 3375 1306 3423 δι
1322 3389 1475 3423 matu-
1597 3387 1624 3421 2
1663 3375 1799 3422 curiae
1820 3390 1955 3440 capax
1964 3386 2178 3439 praeexu
2193 3374 2417 3443 Pagyda]
2435 3374 2523 3425 Pa·

484 3465 588 3500 ram
616 3442 769 3495 sceleri
795 3444 1084 3505 juventutem
1113 3441 1352 3492 convietus
1386 3442 1475 3491 im·
1529 3437 1771 3507 pyriusiste
1786 3446 2075 3491 Ptaerextatus
2094 3441 2201 3492 ideo
2214 3442 2523 3510 cognomina·

486 3512 747 3584 proborum
765 3524 966 3561 maturat
981 3512 1102 3560 neci.
1137 3508 1213 3559 hic
1229 3506 1366 3559 Asoti
1382 3509 1473 3557 exi-
1532 3521 1606 3556 tus
1620 3503 1686 3556 est
1703 3540 1720 3564 ,
1748 3507 1873 3576 quod
1887 3507 1937 3556 in
1985 3522 2167 3560 raetexta
2186 3513 2236 3560 &t
2250 3506 2520 3560 adolescen-

487 3599 564 3635 ως
580 3580 692 3636 fuit,
705 3593 847 3644 quem
861 3579 1046 3630 virtutis
1061 3576 1385 3645 bonarumque
1401 3592 1473 3625 ar·
1526 3576 1591 3624 tia
1607 3589 1887 3642 magnopere
1897 3577 1943 3627 vi
1964 3593 2016 3627 us
2032 3574 2096 3627 est
2113 3574 2277 3645 sapere.
2322 3580 2450 3628 Cum
2466 3595 2518 3629 e-

486 3653 608 3702 tium
644 3648 835 3698 tedium
870 3661 957 3696 nec
991 3661 1089 3695 non
1126 3642 1472 3712 intempestivus
1529 3638 1672 3691 nima
1701 3657 1828 3710 patre
1857 3644 2099 3696 duceretur
2140 3647 2432 3703 incuriam,
2463 3646 2513 3696 in

482 3728 728 3791 parentum
751 3729 886 3763 amor
899 3716 949 3764 in
962 3713 1080 3764 hanc
1093 3712 1277 3767 scenam
1291 3712 1477 3781 impulit
1528 3725 1672 3778 eaque
1686 3722 1851 3763 arcana
1866 3713 2074 3780 quadam
2091 3727 2199 3776 tunc
2210 3712 2335 3765 forte
2347 3715 2512 3763 trach-

485 3786 659 3842 tueris
674 3783 887 3854 exemplo
900 3779 1124 3838 futurum.
1420 3836 1429 3841 ,
1528 3791 1707 3844 rentur,
1721 3778 1921 3838 domum
1932 3779 2135 3837 reversus
2150 3816 2166 3845 .
2184 3775 2515 3851 interrogatus·-

2406 3865 2505 3918 que
