2738 4475
458 315 615 394 414.
943 292 1457 366 Eunaeum,
1510 292 1998 365 Sarrntet

456 410 755 497 reveriti,
794 409 862 480 in
901 408 1218 507 Principis
1259 406 1388 479 fide
1425 407 1803 482 manserunt.
1892 409 2037 503 Qi
2074 406 2529 508 Hispanorum

453 514 813 609 Imperium
836 507 1146 606 aspernati
1164 510 1233 579 in
1255 506 1748 605 Rempublicam
1767 506 2079 580 secessere
2101 556 2124 590 ‚
2160 512 2203 580 ii
2219 511 2517 582 maxime

456 614 535 684 ad
559 605 901 684 Oceanum
925 609 1171 688 colunt,
1196 607 1271 676 ad
1291 630 1547 677 exteros
1569 611 1839 705 populos
1863 634 2114 679 nomen
2131 609 2169 679 a
2186 610 2516 706 praecipua

457 715 628 783 inter
658 710 805 779 illos
838 711 1229 777 Batavorum
1259 729 1457 804 gente
1479 705 1709 775 sortiti.
1767 705 2141 779 Necessaria
2161 707 2294 807 post
2309 706 2471 780 defe
2487 750 2518 763 -

456 813 745 882 &ionem
770 806 1059 889 audacia,
1086 830 1220 876 tem
1240 808 1556 876 nauticam
1583 830 1900 879 curavere.
1972 808 2137 879 Inde
2156 807 2381 891 robur,
2402 829 2514 879 at-

453 933 579 1007 que
597 931 753 1003 opes
775 964 795 992 ‚
854 906 1076 976 omnia
1097 905 1315 974 littora
1337 904 1757 976 scrutantibus
1776 961 1797 989 ,
1839 911 1905 977 δι
1928 923 2043 1001 per
2058 907 2184 978 hos
2206 903 2519 979 infestum

451 1005 784 1102 Hispania:
810 1029 1005 1077 mare.
1048 1006 1405 1103 Statimque
1428 1006 1614 1075 ducta
1634 1005 1898 1102 oppida,
1924 1013 1990 1080 &
2014 1030 2094 1076 ex
2116 1007 2518 1105 quotidianis

449 1105 675 1207 praedis
698 1104 962 1178 divitiam
1009 1101 1347 1176 Accessere
1365 1128 1442 1174 ex
1466 1105 1704 1186 Gallia,
1731 1107 2117 1204 Angliaque,
2141 1107 2406 1188 auxilia,
2429 1108 2507 1175 in

447 1228 735 1280 mutuam
773 1224 909 1275 tam
930 1229 1151 1275 eorum
1177 1207 1285 1302 qui
1307 1204 1675 1294 juvabantur
1693 1204 2032 1275 utilitatem
2052 1251 2077 1287 ‚
2114 1227 2309 1300 quam
2332 1204 2490 1272 illo·

448 1330 587 1379 rum
605 1305 716 1403 qui
734 1302 1059 1393 juvabant.
1113 1306 1246 1374 Alii
1267 1301 1376 1374 sub
1401 1303 1726 1400 Hispaniae
1747 1299 1988 1401 sceptro
2001 1299 2212 1399 pofiti,
2231 1325 2482 1373 nomen

450 1428 710 1503 quoque
748 1402 788 1475 ὲ
826 1403 1302 1476 provinciarum
1336 1430 1457 1475 una
1476 1404 1711 1474 duxere
1733 1448 1753 1481 ,
1800 1413 1867 1476 δι
1888 1426 1989 1500 pet
2008 1399 2265 1475 Orbem
2286 1403 2484 1474 Flan-

436 1503 710 1576 'drotum
729 1504 1163 1602 appellatione
1180 1503 1536 1575 censentur.
1604 1501 1952 1586 Distinffis
1967 1503 2034 1574 in
2048 1499 2187 1574 baec
2203 1500 2330 1572 <luo
2346 1500 2473 1574 im-

450 1603 934 1703 peria⁸p0pulis,
992 1601 1165 1675 idem
1205 1625 1422 1677 tamen
1454 1604 1719 1703 genius,
1755 1603 1954 1676 iidem
1978 1626 2190 1678 mores
2206 1621 2484 1675 manent.

450 1701 753 1778 Candida
772 1704 1033 1810 quidem
1055 1749 1076 1783 ‚
1130 1701 1238 1774 sed
1279 1705 1477 1775 veluti
1512 1705 1670 1775 coeli
1704 1702 1866 1776 vitio
1895 1701 2186 1802 depr-effa
2214 1702 2499 1803 ingenia,

450 1830 591 1903 quae
611 1804 809 1878 etiam
828 1804 1080 1903 gravius
1099 1801 1359 1875 bibendi
1376 1804 1760 1898 intemperie
1781 1800 2053 1899 stipant,
2075 1801 2217 1876 five
2237 1801 2402 1875 hanc
2426 1803 2505 1875 fi-

452 1909 575 1975 tim
600 1899 851 1975 fortuna
870 1924 1175 1988 terrarum
1198 1951 1219 1984 ,
1246 1912 1309 1975 δι
1331 1928 1409 1974 ex
1435 1905 1692 1995 majoris
1716 1904 2094 1976 Germaniae
2117 1903 2357 1976 vicinia
2376 1904 2511 1977 vel-

452 2027 524 2075 ut
543 2002 796 2101 spiritus
816 2051 837 2084 ‚
877 2001 1007 2076 five
1030 2028 1170 2074 mos
1191 2002 1529 2075 educandae
1549 1998 1831 2075 infantiae
1858 2002 2180 2075 accendit.
2242 2003 2506 2101 Qippe

456 2103 663 2173 adhuc
692 2102 770 2173 ab
792 2101 981 2173 ubere
996 2101 1582 2200 pendentibu5,quo
1599 2104 1906 2201 paulatim
1923 2104 2108 2175 lactis
2128 2102 2508 2176 desiderium

460 2203 753 2271 minuant
772 2247 794 2282 ,
834 2200 1198 2297 lagunculas
1237 2200 1314 2272 ad
1350 2200 1834 2290 similitudinem
1867 2202 2077 2277 uberis
2094 2201 2347 2278 effictas
2365 2254 2389 2290 ,
2438 2210 2507 2277 δε

459 2299 825 2370 hordeaceo
845 2319 1004 2395 potu
1023 2300 1268 2393 plenas,
1291 2300 1545 2373 tradunt
1564 2306 1627 2373 in
1646 2327 1858 2375 manu.
1930 2309 2113 2377 Tum
2129 2303 2302 2375 rudis
2319 2312 2390 2377 δε
2408 2305 2511 2374 in-

460 2393 701 2473 curiosa
736 2418 888 2477 aetas
927 2393 1188 2472 subinde
1224 2400 1302 2471 ad
1322 2427 1394 2473 os
1414 2398 1687 2472 referens
1705 2403 1886 2475 tarde
1906 2425 2225 2485 meantem
2243 2426 2490 2501 potum,

462 2495 730 2596 sugendi
752 2495 1162 2572 similitudine
1179 2492 1425 2598 capitur
1445 2549 1465 2583 ,
1508 2524 1643 2573 tum
1661 2502 1858 2574 etiam
1882 2504 2246 2587 innocentis
2258 2503 2387 2575 ocii
2404 2494 2489 2570 fa·

462 2599 722 2673 stidium
740 2599 935 2673 levat.
987 2601 1140 2673 Nec
1162 2603 1438 2675 utilitate
1471 2625 1569 2672 res
1606 2624 1781 2674 caret
1801 2660 1823 2687 ,
1866 2602 2012 2675 fiex
2037 2604 2261 2703 primis
2290 2605 2497 2675 incre-

464 2700 705 2773 mentis
722 2724 861 2777 tem
886 2697 1185 2775 aestimes.
1230 2703 1499 2799 Quippe
1524 2701 1727 2774 valida
1745 2700 2204 2790 membta‚succ
2273 2704 2376 2776 ‘ue
2396 2703 2508 2774 lae-

465 2795 714 2867 tiffimo
749 2797 826 2867 ad
860 2797 1255 2869 venustatem
1276 2799 1575 2872 florentia
1598 2851 1621 2887 ‚
1654 2802 1742 2873 ita
1779 2801 2130 2875 institutam
2162 2802 2234 2872 in
2302 2803 2506 2873 utiam

462 2892 794 2971 decorant.
866 2896 989 2971 Sed
1012 2897 1243 2969 affidua
1260 2898 1525 2971 bibendi
1546 2903 1708 2972 ratio
1725 2951 1748 2988 ‚
1768 2898 1901 3000 ipso
1918 2899 2020 2971 usit
2033 2900 2099 2969 in
2113 2903 2497 2995 perpetuam

464 2993 866 3091 voluptatem
887 2994 1195 3065 transiens
1223 3047 1243 3077 ,
1280 2996 1542 3070 subinde
1585 3004 1775 3099 palati
1801 2998 2156 3085 ‚aviditatem
2177 2992 2494 3079 solicitat,

468 3089 719 3191 semper
740 3093 955 3191 utique
977 3094 1116 3192 post
1142 3093 1307 3166 hunc
1331 3125 1579 3172 morem
1604 3123 1709 3173 aut
1724 3116 2027 3175 natantem
2045 3112 2147 3167 aut
2167 3115 2497 3165 arentem.

470 3193 757 3265 Accedit
777 3194 948 3267 illius
971 3215 1155 3293 potus
1176 3197 1470 3268 conditio
1492 3250 1513 3283 ‚
1547 3226 1679 3272 non
1713 3197 1781 3271 ad
1801 3195 1978 3268 diluti
1991 3194 2123 3264 vini
2146 3191 2508 3266 consuetu-

471 3292 693 3367 dinem
731 3292 898 3366 fitim
921 3291 1147 3366 satians
1169 3328 1190 3387 3
1244 3294 1347 3365 sed
1368 3300 1565 3370 crassb
1588 3303 1833 3398 liquore
1845 3294 2202 3371 identidem
2215 3290 2511 3366 faucibus

471 3392 1045 3493 relinquen8,quod
1063 3392 1442 3467 succedente
1462 3421 1619 3494 potu
1640 3399 2009 3471 diluendum
2029 3394 2127 3468 [ιτ-
2147 3395 2278 3467 Illa
2297 3417 2519 3465 tamen

448 3548 460 3563 .
470 3492 857 3587 perpotandi
914 3494 1247 3569 dulcedine
1305 3499 1507 3594 (quod
1562 3502 1840 3592 mireris)
1897 3500 1964 3570 in
1997 3492 2351 3596 segnitiem
2385 3517 2520 3565 non

404 3620 421 3635 ·
460 3594 850 3686 'merguntur
888 3592 1128 3666 obrutae
1162 3616 1410 3665 mentes
1435 3625 1469 3682 :⁴
1510 3595 1612 3667 scd
1639 3601 1800 3668 ultra
1833 3620 2205 3669 caeterarum
2224 3593 2519 3707 gentium

473 3684 916 3768 sedulitatem,
945 3716 1340 3778 mercaturae,
1364 3694 1645 3766 artificiis
1668 3696 2074 3768 incumbunt.
2132 3690 2522 3768 Assuefaetis

471 3781 712 3859 scilicet
733 3785 1125 3889 robustisque
1141 3795 1513 3895 corporibus
1539 3844 1561 3881 ,
1583 3797 1677 3867 illi
1696 3798 1855 3872 vitio
1877 3802 2058 3892 pares
2077 3792 2252 3882 sunt,
2267 3804 2350 3870 δι’,
2375 3793 2526 3865 hau-

2198 3909 2202 3914 ·
2409 3892 2527 3964 stas
