2738 4475
963 159 1652 241 Pana-12
2212 160 2310 266 87

263 289 380 369 nea
397 289 638 367 *solum
672 288 864 367 veste
900 291 1240 366 insti-uetus
1257 347 1280 379 ,
1317 318 1630 394 manuque
1648 293 1755 366 illa
1772 292 2092 367 matulam
2106 315 2323 391 argen÷

254 410 430 466 team
454 418 536 463 ae
559 390 784 465 facem
804 443 829 481 ,
859 391 975 466 hac
993 393 1245 466 clavem
1262 417 1508 465 auream
1531 441 1553 474 ,
1588 393 2005 494 gladiumque
2017 386 2324 491 gestabat.

247 492 390 567 His
427 495 555 563 ille
598 493 993 565 ornamentis
1010 490 1277 592 insignis
1299 488 1556 565 accessit
1577 493 1653 563 ad
1672 491 1935 564 thorum
1956 540 1985 577 ,
2019 497 2086 564 δι
2118 536 2144 570 ‚
2180 492 2327 562 Do-

215 660 221 664 ,
247 591 447 662 mina
468 636 494 671 ,
519 594 749 691 inquit
764 640 788 673 ‚
820 593 899 664 ad
934 593 1278 690 imperium
1314 612 1496 665 tuum
1515 592 1685 663 veni.
1735 589 1863 673 Sed
1877 615 2007 692 ego
2022 611 2206 663 extra
2225 613 2335 663 me

360 690 518 762 situs
535 715 675 762 tam
696 690 1109 764 insolentibus
1125 739 1152 777 ‚
1186 689 1611 762 animadverti
1626 688 1855 764 ostium
1874 739 1901 777 ‚
1928 690 2105 790 quod
2144 689 2212 760 in
2233 684 2334 760 in-

249 714 544 861 {giem
559 792 783 889 gradus
806 791 1138 874 tendebat,
1160 785 1507 863 reseratum
1521 792 1644 864 effe
1662 787 1741 861 ab
1759 815 1833 863 ea
1847 814 2165 885 matrona.
2183 813 2331 887 quae

252 884 610 960 hominem
631 891 1076 964 advocaverat:
1096 891 1291 991 igitur
1305 888 1612 963 utendum
1632 893 2112 990 opportunitate
2128 911 2330 979 utut,

251 1012 452 1084 quam
474 992 662 1086 potui
681 993 1023 1062 celerrime
1043 985 1364 1089 meipsum
1386 989 1470 1063 de
1487 988 1728 1062 latebra
1742 990 2025 1072 eduxi,&
2049 989 2128 1062 ab
2146 1010 2333 1059 utro-

243 1111 375 1184 que
390 1090 769 1159 amantium
792 1085 1166 1187 conspefitus
1184 1087 1374 1164 evasi.
1429 1093 1521 1161 At
1542 1091 1632 1161 illi
1656 1111 2029 1189 portentum
2049 1088 2192 1166 rati,
2213 1082 2327 1159 fri-

286 1186 418 1258 idis
454 1188 878 1286 amplexibus
897 1245 921 1273 ,
961 1210 1259 1289 tanquam
1291 1191 1447 1261 vino
1482 1188 1655 1290 quod
1674 1191 1949 1262 mullum
1974 1182 2324 1260 suffocasset

231 1211 484 1358 {austo
509 1337 541 1371 ,
572 1312 774 1360 omne
792 1286 980 1361 robur
996 1283 1335 1364 amiserant
1359 1315 1379 1361 t
1400 1313 1540 1359 cum
1561 1314 1687 1388 ego
1704 1290 1783 1362 ad
1799 1289 2125 1362 Gallionis
2146 1284 2321 1361 fores

229 1383 513 1481 elapsus
535 1432 560 1466 ‚
598 1390 1010 1483 expefflrem
1046 1401 1332 1461 venturae
1356 1388 1509 1458 lucis
1526 1384 1818 1460 solatium
1837 1438 1868 1476 ,
1901 1385 2327 1490 gelidis'inte-

224 1485 379 1553 rim
402 1484 714 1579 postibus
729 1485 975 1556 humidi
991 1484 1134 1556 astri
1153 1485 1619 1584 malignitatem
1636 1509 1703 1563 ut
1719 1487 1956 1559 licebat
1968 1487 2323 1560 declinans.

365 1584 573 1652 Cum
623 1581 856 1653 deinde
876 1579 1247 1715 crepusculo
1263 1580 1516 1654 discussa
1536 1609 1664 1658 nox
1680 1580 1924 1681 spiffior
1982 1585 2321 1663 allentiad·
2362 1597 2444 1679 19

247 1675 404 1748 huc
452 1679 616 1749 Sole
655 1675 987 1752 raresceret
1004 1737 1026 1766 ,
1078 1682 1335 1752 advenit
1356 1681 1409 1752 is
1429 1707 1618 1781 quem
1635 1684 1727 1755 rei
1743 1683 1935 1756 dome
1992 1688 2104 1756 icae
2125 1683 2331 1757 Labe-

248 1797 414 1849 trus
443 1773 859 1876 praesecerat,
912 1783 978 1850 δι
1002 1778 1077 1852 ad
1101 1780 1472 1852 Callionem
1490 1782 1617 1873 jam
1640 1782 1706 1851 in
1735 1782 1896 1853 atrio
1910 1782 2337 1856 ambulantem

240 1876 581 1957 tendens,
601 1873 1086 1952 festinationem
1106 1874 1422 1951 salutandi
1438 1881 1514 1950 iis
1537 1881 1823 1978 negotiis
1840 1877 2176 1961 excusavit,
2240 1906 2330 1954 uae

244 1994 486 2049 totum
503 1978 684 2049 diem
709 1978 1084 2051 Callionem
1102 1998 1429 2050 tenerent.
1466 1983 1569 2051 Ac
1587 1979 1825 2052 deinde
1845 1990 1962 2077 per
1976 1980 2183 2052 varios
2193 1906 2333 2052 ‘ser-

253 2098 498 2148 mones
544 2080 611 2149 in
634 2076 702 2148 id
725 2074 928 2176 lapsus
945 2134 972 2163 ,
1005 2078 1183 2177 quod
1206 2078 1485 2150 maxime
1501 2077 1823 2178 querebat
1840 2123 1865 2158 ,
1900 2077 2057 2164 Est,
2082 2081 2321 2179 inquit,

258 2173 658 2250 nobilissima
681 2164 964 2275 porticus
984 2225 1006 2259 ,
1045 2185 1112 2252 δι
1135 2179 1323 2251 omni
1340 2178 1787 2276 antiquitatum
1808 2174 2033 2252 referta
2049 2204 2319 2280 genere,

257 2297 455 2369 quam
470 2300 548 2348 ex
572 2278 784 2350 media
808 2280 980 2349 ltalia
998 2303 1186 2376 paene
1208 2276 1485 2349 curribus
1498 2278 1736 2373 junCtis
1756 2275 2089 2352 sublimem
2108 2275 2316 2352 trans-

251 2375 413 2444 tulit
443 2377 508 2445 in
528 2375 644 2445 bas
667 2399 863 2446 terras
888 2377 1221 2449 Labetrus.
1284 2378 1381 2449 Ea
1405 2402 1533 2448 non
1549 2375 1644 2449 est
1668 2380 1871 2476 magis
1889 2404 2039 2449 auro
2052 2376 2316 2477 conspi-

256 2491 383 2538 cua
408 2518 437 2552 ,
466 2498 660 2568 quam
692 2499 827 2544 non
858 2475 1222 2552 adulteratis
1255 2477 1654 2575 antiquitatis
1688 2479 1863 2547 notis
1891 2505 1921 2568 ·‚
1950 2502 2160 2573 neque
2182 2477 2315 2548 stu·-

271 2565 518 2640 diosius
539 2571 719 2640 illam
736 2571 991 2662 'juvenes
1012 2572 1446 2670 perambulant
1467 2631 1486 2659 ,
1528 2598 1721 2674 quam
1742 2572 2097 2670 scholastici
2124 2597 2316 2673 atque

271 2659 460 2738 senes
476 2716 500 2752 ,
535 2669 649 2765 qui
678 2670 897 2739 omnia
932 2670 1115 2769 prisci
1135 2676 1326 2748 moris
1343 2672 1608 2775 vestigia
1626 2674 1691 2744 in
1710 2693 2152 2772 argumentum
2170 2697 2316 2745 eru·

278 2762 429 2837 ditae
447 2766 894 2866 disputationis
916 2770 1191 2846 trahunt.
1243 2777 1406 2846 Non
1426 2776 1547 2844 erit
1566 2773 1827 2873 indigna
1851 2821 1873 2858 ,
1890 2772 2003 2845 nifi
2021 2796 2126 2845 me
2140 2769 2311 2848 fallit

273 2868 528 2940 novitas
546 2913 568 2946 ,
606 2867 892 2967 eleganti
908 2890 1022 2940 tuo
1035 2871 1301 2972 ingenio
1319 2919 1340 2952 ,
1376 2881 1440 2947 δι
1461 2875 1744 2947 invenies
1764 2923 1785 2958 ,
1805 2871 1983 2975 quod
2000 2898 2131 2946 non
2147 2898 2309 2946 ocu-

270 2961 369 3034 los
409 2968 616 3068 magis
657 2993 851 3068 quam
890 2970 1221 3070 ingenium
1260 2971 1562 3046 deleaet.
1617 2973 1833 3046 Sinon
1852 2970 2195 3044 molestum
2213 2971 2310 3043 est

268 3057 363 3132 ire
380 3115 403 3150 ,
436 3075 505 3140 δι
544 3068 782 3139 vicinia
819 3068 1046 3142 invitat
1062 3119 1087 3157 ,
1126 3077 1195 3145 δε
1216 3075 1520 3172 quoniam
1543 3096 1684 3144 mea
1699 3071 1794 3143 est
1814 3067 2096 3142 custodia
2114 3116 2140 3156 ‚
2171 3095 2309 3143 non

181 3217 182 3220 ,
269 3161 634 3239 admittetur
669 3164 867 3239 hodie
899 3169 1128 3268 aliquis
1163 3193 1394 3270 praeter
1409 3174 1652 3244 amicos
1673 3183 1842 3240 tuos.
1902 3166 2059 3237 Non
2078 3166 2298 3241 abnuit

268 3261 557 3351 Callion,
571 3291 701 3338 non
719 3289 853 3337 tam
871 3271 1266 3370 antiquitatis
1288 3273 1580 3369 cupidus,
1604 3293 1795 3366 quam
1812 3286 2098 3365 captator
2114 3291 2296 3341 com-

265 3363 480 3434 munis
515 3388 666 3437 aurat
682 3411 705 3447 ‚
748 3373 814 3440 δι
836 3363 1019 3467 super
1036 3372 1256 3444 omnia
1273 3369 1431 3444 illud
1449 3369 1779 3467 speetans,
1818 3390 1883 3440 ut
1901 3369 2145 3442 litteras
2161 3393 2298 3443 non

261 3480 399 3534 tam
422 3459 657 3538 nescire
676 3466 999 3542 videretur
1014 3517 1037 3551 ,
1070 3495 1267 3569 quam
1288 3490 1607 3541 temnere.
1857 3487 1875 3496 ·’

357 3563 567 3661 Igitur
580 3564 643 3637 in
662 3564 990 3664 publicum
1010 3594 1047 3643 e
1096 3565 1287 3641 ress'us
1305 3612 1327 3646 ,
1374 3561 1671 3640 Praefesti
1685 3563 1875 3636 dudiu
1890 3564 1957 3637 in
1979 3563 2298 3665 porticum

254 3665 468 3748 venit,
502 3663 581 3740 ad
613 3669 793 3765 cujus
831 3669 1050 3769 magni
1103 3662 1417 3838 casss‘ores
1433 3662 1631 3739 stabat
1650 3667 2117 3771 Apollolaurea
2133 3664 2305 3773 redi-

1320 3791 1376 3860 4
2110 3780 2316 3834 mirus
