2738 4475
910 254 1112 319 1³·1r
1219 270 1403 321 Rs
1507 253 1623 321 11.
2138 253 2273 343 283

342 383 421 447 Et
454 377 529 445 de
572 369 860 444 cerberea
896 389 1107 442 natam
1140 388 1199 441 re
1235 371 1425 440 dicere
1452 374 1682 467 spuma.

344 490 498 554 Tum
522 475 575 573 fi
615 474 748 567 quis
776 475 1034 566 patriam
1074 470 1331 566 violaffl’t
1362 474 1506 539 cade
1531 471 1868 565 senefiam,

346 579 507 646 Huic
546 574 717 647 mites
750 574 996 642 nimium
1021 571 1337 665 flammas,
1386 572 1525 639 *huic
1559 573 1721 640 lenta
1740 568 2029 666 puraffent

351 680 665 757 Flamina,
708 669 983 764 fumiferi
1011 671 1244 767 poraffir
1279 670 1480 739 nubila
1520 672 1669 740 Peri.

358 778 571 873 Igitur
607 773 744 871 post
784 774 973 844 olidae
1009 768 1330 841 fastidium
1367 793 1577 840 coenae
1600 766 2043 869 sermonesque
2058 768 2305 841 Catha-

263 871 389 944 rini
420 899 661 953 novos,
696 899 825 943 non
863 874 1072 944 minus
1108 870 1394 942 vanitate
1429 868 1712 938 bominis
1751 894 1944 966 quam
1983 871 2298 942 convivio

264 969 514 1043 saturati
565 974 639 1045 ad
693 975 981 1071 quietern
1022 968 1406 1041 seceffimus.
1473 966 1601 1043 Sed
1639 967 2050 1067 posteaquam
2084 973 2303 1043 altiori

260 1095 483 1144 mente
515 1074 732 1143 onmia
755 1074 987 1167 pariter
1005 1072 1293 1154 revolvi,
1330 1078 1397 1141 δι
1420 1094 1561 1167 quae
1583 1069 1799 1159 jamin
1824 1068 2160 1145 Catharini
2181 1071 2305 1141 do·

256 1197 371 1243 mo
391 1220 415 1256 ,
461 1179 524 1249 ἃ
553 1197 691 1270 quae
713 1174 878 1242 olim
895 1170 1057 1267 apud
1086 1170 1487 1267 Acignianos
1510 1193 1970 1266 cognoveram,
1993 1195 2129 1269 quae
2149 1197 2311 1268 prav-

253 1291 430 1340 terea
466 1268 906 1346 {diuersarum
930 1271 1315 1368 religionum
1333 1275 1703 1364 acceperam
1723 1270 1946 1366 mystis
1972 1317 1993 1350 ‚
2032 1270 2309 1341 acerbis-
2416 1267 2421 1270 ’

254 1369 421 1441 fimo
478 1370 707 1440 dolore
753 1365 1031 1467 perfusus
1068 1369 1200 1440 sum
1226 1424 1244 1450 ,
1306 1367 1481 1464 quod
1519 1366 1807 1440 viderem
1832 1373 2301 1442 ‘contentiones

252 1470 632 1546 mortalium
670 1493 802 1538 non
832 1469 1017 1539 aliter
1050 1467 1288 1538 divinis
1324 1463 1743 1548 ceremoniis,
1801 1493 1995 1567 quam
2028 1469 2303 1543 humana
2359 1497 2370 1515 ·

251 1569 424 1647 lite,
466 1566 686 1649 abuti3
724 1568 947 1635 omnia
984 1567 1088 1661 agi
1119 1562 1505 1664 supervacuo
1536 1567 1822 1660 impetu,
1859 1578 1924 1641 ὃς
1950 1569 2305 1640 crudelibus

263 1663 685 1741 maledicitis,
725 1689 867 1762 quae
901 1686 1118 1736 tamen
1159 1664 1438 1736 invicem
1461 1666 1979 1763 reprehendunt3
2022 1670 2306 1740 eruditos

268 1761 524 1833 ambitu
561 1761 721 1833 trahi
751 1819 774 1847 ,
836 1772 900 1836 &
944 1760 1326 1834 factionibus
1371 1786 1721 1861 potentes3
1752 1763 2111 1836 imbecillos
2148 1792 2305 1837 vero

263 1863 718 1933 auetoritatem
756 1863 1070 1934 doetrinae
1105 1884 1208 1934 aut
1242 1864 1470 1935 virium
1509 1861 1707 1962 sequi.
1762 1860 2313 1964 Quotusquisque,

260 1960 676 2058 cogitabam,
720 1983 827 2033 aut
870 1964 1268 2061 Acignianus
1308 1962 1447 2044 est,
1493 1966 1688 2056 autin
1714 1963 2053 2036 Catharini
2074 1961 2317 2036 familia

255 2061 426 2134 vivit
444 2110 469 2146 ‚
508 2086 696 2159 quem
714 2087 845 2132 non
863 2060 1164 2159 impreffa
1183 2060 1501 2132 institutio
1517 2084 1881 2158 parentum,
1905 2087 2011 2134 aut
2031 2063 2148 2136 sua:
2163 2090 2323 2163 geu·

259 2161 348 2232 tis
384 2156 823 2243 conversati0,
860 2181 969 2231 aut
1007 2164 1285 2261 impetus
1320 2162 1497 2232 nullo
1513 2163 1780 2234 rationis
1795 2185 2179 2262 argumento
2200 2163 2312 2236 firss

267 2282 474 2333 matus
497 2317 518 2346 ,
555 2263 622 2332 in
663 2284 876 2359 partes
915 2259 1278 2334 seduxerit?
1331 2288 1521 2360 quam
1556 2264 1737 2360 pauci
1766 2286 2032 2338 maturae
2066 2266 2309 2336 mentis

264 2360 534 2432 consilio
549 2359 911 2434 ducuntur?
967 2371 1032 2434 δι
1052 2366 1273 2433 tamen
1295 2363 1421 2432 illis
1438 2361 1606 2434 odiis
1624 2387 1975 2462 pugnamus
1997 2414 2019 2448 ,
2049 2375 2131 2435 'ut
2150 2361 2313 2437 faci-

265 2461 332 2530 le
365 2459 580 2531 videas
601 2487 827 2532 omnes
846 2460 961 2535 fibi
978 2460 1704 2560 sapientiamimputare.
1758 2467 1828 2534 O
1852 2461 2113 2559 superba
2134 2488 2314 2532 mor-

268 2558 528 2631 talitas!
587 2558 1096 2633 &immisericors
1116 2558 1929 2658 superstitionisingenium
1964 2563 1983 2631 l.
2022 2561 2191 2657 quasi
2208 2561 2320 2656 qui

272 2680 437 2729 vere
454 2653 773 2743 sentiunt,
808 2683 945 2729 non
965 2661 1100 2759 plus
1121 2657 1713 2732 felicitatidebeant
1731 2703 1753 2738 ‚
1794 2684 1982 2757 quam
2003 2656 2313 2739 confilio;

278 2777 388 2828 aut
421 2782 584 2855 quos
608 2754 835 2829 fefellit
853 2781 1157 2857 occupata
1172 2782 1269 2832 tot
1291 2758 1570 2833 sentibus
1591 2759 1729 2839 via,
1770 2756 2313 2859 magisiracundia

277 2882 468 2957 quam
491 2852 763 2954 suspiriis
786 2858 980 2957 digna
1000 2862 1434 2933 committant.
1449 2887 1457 2890 ⁷
1471 2864 1549 2930 ln
1566 2859 1702 2931 haec
1721 2857 1905 2930 verba
1921 2855 2312 2959 consopora-

271 2981 373 3030 tus
414 2956 700 3056 publicas
734 2983 912 3029 curas
934 2984 1075 3031 cum
1092 2955 1364 3032 sensibus
1388 2959 1588 3033 amifi.
1644 2956 1902 3032 Postera
1923 2964 2063 3030 luce
2080 2963 2158 3029 ad
2182 2962 2321 3029 Ca·

270 3057 593 3129 tharinum
631 3056 901 3141 acceffi,
935 3058 1446 3159 hospitalemque
1484 3065 1717 3153 Jovem
1740 3078 2070 3155 precatus,
2114 3078 2314 3127 utex-

277 3154 493 3227 hibitae
525 3156 943 3258 benignitatis
975 3162 1248 3259 gratiam
1289 3156 1552 3232 referret
1576 3207 1599 3241 ‚
1652 3158 2037 3231 destinatum
2075 3156 2198 3228 iter
2233 3155 2311 3227 ad

284 3252 796 3329 Tefl‘aranafitum
819 3284 970 3330 cum
983 3260 1159 3330 socio
1177 3257 1490 3360 aggressus
1512 3258 1673 3328 sum.

386 3356 926 3429 Scolimorrhodia
975 3380 1282 3431 terrarum
1339 3356 1803 3457 pulcherrima,
1865 3378 2028 3424 nunc
2063 3354 2309 3458 exiguis

277 3454 552 3527 collibus
592 3476 841 3527 tumens
865 3505 887 3539 ‚
929 3483 1096 3530 nunc
1127 3458 1195 3529 in
1220 3459 1525 3554 planicies
1547 3456 1757 3555 pabuli
1780 3450 2182 3527 feraciffimas
2200 3480 2319 3527 ex-

276 3552 453 3626 tensa
476 3602 498 3636 ‚
534 3554 760 3653 ubique
790 3558 1109 3630 laetiffima
1143 3557 1465 3633 viriditate
1495 3555 1784 3629 exsultat.
1844 3554 2162 3626 Arborum
2202 3581 2315 3655 per

272 3655 556 3751 publicas
578 3656 705 3727 vias
720 3658 981 3728 ordines
1000 3657 1240 3741 adulti,
1262 3654 1560 3756 sepesque
1577 3682 1713 3754 quae
1731 3656 2021 3727 eminent
2044 3657 2118 3728 ad
2137 3652 2316 3727 secu·

258 3758 522 3831 ritatem
541 3753 918 3857 pascuorum
939 3805 961 3837 ,
996 3756 1227 3855 ubique
1247 3758 1599 3856 imaginem
1618 3754 1926 3853 sylvarum
1948 3778 2320 3917 commean-

2140 3873 2191 3918 ιι
2279 3874 2311 3915 s
