2738 4475
681 315 688 320 .
855 258 919 328 »P
1023 277 1074 327 Α
1169 274 1226 325 ιι
1326 275 1360 328 s
1478 254 1579 329 V·
2069 250 2213 349 589

175 373 284 436 nnt
301 413 319 441 ,
332 387 395 434 ut
407 375 474 433 ad
488 373 725 433 meliora
737 369 952 447 semper
964 369 1230 450 suspirent
1248 413 1266 439 ,
1280 373 1555 452 gaudeant
1568 367 1869 451 aequalibus
1882 409 1899 434 ,
1932 367 2216 431 inferiores

179 466 563 512 contemnant.
622 455 822 530 Neque
841 449 1018 508 solum
1055 450 1532 527 pulchritudinem
1562 449 1810 525 corporis
1832 451 2218 523 expetendam,

183 530 271 589 sed
287 535 679 591 &animorum
700 570 717 595 ,
744 549 883 609 quos
911 527 1172 604 sapientia
1209 529 1465 606 plurimis
1499 529 1724 586 dotibus
1739 525 1978 584 feliciter
1993 525 2218 602 aspersit.

183 611 249 669 ln
282 609 386 669 hac
421 609 733 668 formarum
769 609 1013 667 mixtura
1043 607 1290 665 habitare
1308 607 1593 666 summum
1608 605 1965 665 mortalitatis
1984 605 2222 666 bonum.

224 689 335 746 uod
353 687 440 745 vel
456 706 646 746 amans
662 687 865 764 ingerit
878 699 1066 744 amato
1082 725 1100 751 ,
1133 685 1221 743 vel
1235 701 1450 744 amatus
1465 688 1692 743 amatori
1710 722 1727 746 ‚
1764 683 1846 741 vel
1866 686 1926 741 in
1939 685 2226 762 reciproca

206 767 481 842 piritnum
519 766 1032 824 communicatione
1063 766 1355 842 nutritque
1390 771 1444 827 δι
1475 764 1723 822 accendit
1753 781 2057 838 corporum
2093 781 2234 820 con-

182 845 469 904 trestatio:
505 845 666 921 juxta
680 842 818 902 illud
835 843 1198 921 antiquorum
1214 843 1452 908 dietum,
1469 844 1617 901 Inter
1632 842 1838 899 amicos
1855 843 2048 915 omnia
2062 860 2229 899 com-

137 929 140 932 “
187 924 401 980 munia.
434 924 584 981 Cum
602 922 716 980 haec
731 921 947 1002 ingenti
965 921 1311 983 volubilitate
1327 922 1623 980 verborum
1638 918 1983 978 scholasticus
2008 915 2228 977 effudiss

188 997 267 1056 set
287 1025 305 1068 3
323 1003 394 1058 Et
412 1012 475 1059 ut
490 1000 665 1066 video,
678 1001 934 1080 inquam,
949 999 1194 1058 multum
1210 1003 1381 1074 etiam
1404 999 1657 1075 impubes
1671 997 1964 1076 profecisti.
1994 998 2094 1077 qui
2109 1012 2230 1056 tam

187 1077 317 1144 alte,
337 1094 450 1137 tam
470 1078 748 1155 perspicue
764 1097 923 1138 novat
938 1075 1302 1154 Philosophiae
1319 1093 1496 1156 partes
1511 1096 1801 1135 enumeras
1818 1115 1833 1136 .
1869 1082 1925 1138 δε
1955 1076 2229 1135 declama-

188 1157 338 1215 torio
365 1157 509 1234 stylo
541 1157 685 1214 nihil
713 1158 930 1216 omittis
954 1176 1153 1215 eorum
1187 1176 1312 1236 quae
1329 1156 1596 1215 haetenus
1621 1155 1931 1213 inauditum
1952 1152 2231 1231 sapientiae

189 1234 432 1293 studium
450 1236 866 1297 commendant.
909 1236 1171 1302 Minime,
1188 1236 1377 1313 inquit
1392 1234 1486 1293 ille
1496 1255 1516 1298 3
1550 1235 1764 1292 utinam
1783 1236 2048 1292 maturius
2067 1235 2230 1312 inge-

189 1315 352 1371 nium
370 1331 565 1372 meum
582 1314 647 1372 ad
669 1327 883 1374 tantam
901 1314 1247 1390 disciplinam
1266 1312 1521 1372 misissem
1543 1352 1559 1377 ‚
1594 1330 1721 1389 quae
1748 1332 1817 1371 eo
1849 1313 2097 1371 blandius
2132 1330 2235 1370 noa

189 1391 423 1451 deleant
438 1429 457 1453 ‚
495 1411 613 1483 quo
654 1394 938 1470 pauciores
987 1406 1073 1451 tot
1115 1394 1395 1450 virtutum
1430 1389 1839 1449 oblectamento
1867 1391 2228 1449 delcetantur.

151 1487 156 1491 ·
189 1473 409 1528 Totum
466 1472 659 1528 uidem
675 1485 794 1529 tam
814 1489 974 1549 puer,
986 1484 1105 1527 tam
1120 1466 1398 1527 formosus
1413 1474 1467 1531 &
1481 1469 1753 1545 quidquid
1768 1469 2001 1527 volueris
2012 1470 2231 1535 addere,

189 1546 398 1606 absolvi
468 1550 688 1623 tyricon
715 1586 732 1612 ,
755 1547 866 1618 hoc
877 1549 951 1604 est
968 1546 1377 1623 Philosophiam
1403 1570 1417 1604 ι
1459 1545 1548 1604 sed
1578 1547 1752 1605 adhuc
1785 1567 1879 1605 me
1891 1549 2099 1624 decipit
2111 1566 2236 1605 car-

193 1646 330 1684 rnen
345 1663 362 1685 .
387 1628 443 1684 ὃ(
460 1625 742 1681 Heliconis
758 1623 1005 1701 asperitas
1022 1638 1208 1690 terret,
1225 1644 1334 1702 qua
1349 1624 1574 1684 scientia
1587 1627 1765 1684 nostra
1777 1625 2101 1685 sustinetur:
2137 1644 2239 1682 ne·

195 1721 312 1779 que
346 1703 499 1758 enim
534 1721 787 1779 unquam
818 1701 1018 1762 melius
1052 1704 1276 1761 ducitur
1307 1707 1483 1761 Amor
1503 1723 1671 1781 quam
1692 1705 1965 1781 Apollinis
1979 1722 2147 1762 manu
2167 1702 2239 1761 ad

199 1780 324 1837 loca
334 1797 472 1855 pura
486 1782 540 1838 &
555 1782 903 1842 innocentia.
933 1801 1055 1860 quae
1081 1783 1179 1839 Dii
1197 1781 1449 1840 habitant
1465 1820 1484 1842 ‚
1527 1788 1582 1843 Bt
1612 1784 1867 1841 mortales
1898 1784 1957 1840 in
1986 1801 2237 1860 quorum
2319 1822 2329 1833 .

197 1859 427 1935 pectora
443 1858 693 1917 nostrum
711 1858 982 1936 sapientia
999 1862 1240 1919 studium
1259 1861 1503 1918 influxit.
1544 1861 1655 1917 Vix
1674 1862 1877 1919 dixeris
1890 1880 2057 1937 quam
2078 1859 2246 1918 facile

196 1938 383 1993 Po'e‘tae
397 1937 614 2014 ingenii
629 1936 710 1995 sui
731 1938 933 1996 viribus
947 1939 1014 1996 ad
1030 1957 1255 2016 magnas
1268 1938 1385 2013 spes
1397 1941 1774 2013 pervenerint:
1815 1947 1869 2002 δε
1892 1939 1990 1996 nisi
2004 1937 2242 1995 Eumol-

191 2034 299 2093 pus
316 2013 567 2073 tentaffet
581 2014 795 2075 verfiim
812 2054 829 2076 .
849 2035 964 2075 nun
1006 2036 1137 2075 uam
1152 2018 1311 2075 illum
1331 2018 1631 2092 Encolpius
1649 2017 1928 2075 audiviss’et
1947 2056 1964 2080 ,
1982 2015 2248 2075 adorass‘et

193 2092 493 2169 Triphaena
506 2131 525 2158 ,
539 2105 635 2151 aut
652 2095 961 2153 Crotonien
1016 2114 1041 2151 s
1054 2114 1156 2152 ceu
1178 2096 1511 2153 miraculum
1532 2093 1803 2170 sapientiae
1817 2095 2134 2172 speetaffent
2148 2135 2165 2158 ,
2186 2098 2246 2156 δε

197 2186 288 2232 tot
302 2171 500 2249 ephebi
528 2210 544 2236 ,
575 2172 800 2231 attoniti
819 2173 886 2230 ad
901 2173 1268 2231 austeritatem
1286 2173 1452 2250 rigidi
1475 2173 1656 2231 vultus
1673 2213 1689 2237 ,
1720 2172 1809 2230 sua
1837 2191 2067 2249 corpora
2094 2173 2248 2230 sum-

195 2251 463 2310 misissent
484 2252 801 2327 imperanti.
816 2254 937 2330 Jam
956 2270 1085 2308 vero
1101 2270 1228 2329 quae
1245 2252 1304 2309 in
1321 2251 1550 2326 publico
1565 2250 1778 2326 species.
1799 2271 1923 2330 quae
1940 2254 2246 2329 veneratio?

197 2331 351 2388 coire
369 2328 641 2406 populum
661 2334 719 2389 δι
745 2329 1123 2389 circumfundi
1141 2368 1159 2391 .
1193 2333 1250 2388 δι
1277 2332 1524 2404 accipere
1555 2328 1813 2390 affeetum
1847 2350 2244 2408 quemcunque

191 2406 442 2485 jufferit:
491 2405 598 2465 sive
613 2407 981 2485 illeTragicus
995 2410 1201 2466 iterum
1215 2410 1396 2484 capiat
1411 2409 1642 2486 Trojam
1661 2450 1677 2474 ,
1706 2423 1804 2467 aut
1832 2410 1995 2467 civile
2023 2409 2246 2466 bellum

200 2486 461 2543 heroicus
477 2498 634 2543 canat
648 2522 664 2544 ‚
686 2485 776 2542 seu
792 2485 949 2543 ludat
969 2487 1173 2562 Lyn-ico
1189 2525 1208 2548 .
1226 2499 1321 2542 aut
1337 2486 1588 2545 mordeat
1604 2487 2021 2564 epigrammate.
2082 2486 2251 2542 Unde

201 2582 324 2623 non
345 2564 557 2620 mirum
579 2564 618 2620 fi
636 2559 814 2621 Musas
827 2566 1100 2623 &Gratias
1109 2565 1365 2623 comitari
1384 2566 1722 2641 Cupidinem
1744 2562 2010 2621 Hesiodus
2030 2561 2255 2627 scribat,

205 2644 268 2699 &
284 2638 491 2698 Paufias
504 2639 832 2700 redimitum
849 2639 1007 2699 lauro
1022 2646 1077 2700 &
1089 2639 1499 2717 citharisantern
1514 2644 1723 2719 pingat.
1744 2644 1800 2699 Si
1817 2642 1968 2698 enim
1988 2639 2056 2697 ab
2073 2644 2251 2699 Amo-

207 2719 286 2774 ris
298 2717 473 2774 oculis
486 2718 781 2775 detraxeris
795 2718 979 2776 velum
998 2758 1015 2784 ,
1029 2720 1312 2796 putabitur
1327 2720 1431 2779 effe
1448 2716 1650 2798 Apollo
1664 2745 1681 2788 3
1696 2733 1789 2778 aut
1801 2720 1897 2778 iste
1912 2720 2108 2785 Amor,
2126 2717 2166 2775 fi
2181 2717 2250 2776 il·

207 2794 308 2854 lud
330 2796 608 2855 flammeis
622 2794 934 2855 luminibus
947 2797 1318 2876 applicaveris.
1349 2801 1516 2872 ‘Quid
1533 2801 1685 2859 enim
1702 2798 1852 2858 alind
1871 2800 2047 2875 magis
2060 2816 2146 2855 am
2154 2814 2251 2855 an·

211 2886 295 2931 tes
313 2872 465 2940 facit,
523 2876 652 2933 uam
676 2873 888 2933 Poe'fis?
915 2888 1010 2933 aut
1028 2875 1217 2935 Po'e'tas
1240 2895 1440 2958 ,quarn
1459 2879 1669 2938 Amor?
1702 2877 1957 2954 Orpheus
1971 2916 1989 2942 ,
2007 2877 2256 2954 Sappho,

205 2953 462 3017 Ovidius,
570 2953 830 3033 tullum&
843 2952 956 3015 alii,
974 2954 1128 3032 quod
1145 2955 1359 3018 vivunt.
1380 2956 1537 3035 quod
1555 2956 1812 3033 leguntur
1831 2995 1847 3021 ,
1860 2957 2010 3032 quod
2028 2954 2256 3015 laudan-

203 3049 316 3092 tur,
337 3034 537 3091 Amori
552 3032 758 3090 debent
771 3069 788 3103 ¹.
804 3030 943 3091 ficut
956 3033 1055 3093 iste
1065 3033 1218 3113 quod
1237 3035 1541 3094 celebratur
1559 3036 1736 3092 Poetis
1751 3056 1771 3093 ·.
1797 3033 1934 3093 adeo
1947 3034 2178 3113 provide
2192 3036 2249 3091 &t

201 3111 508 3190 prudenter.
516 3110 790 3192 :qualern
804 3110 1025 3190 aquali,
1042 3112 1390 3189 impuberem
1411 3112 1712 3191 impuberi,
1726 3115 1909 3169 Deum
1931 3112 2049 3167 Deo
2066 3108 2249 3168 neces-

207 3190 333 3261 sitas
349 3191 686 3267 conjunxit.
705 3191 1233 3269 mmutuisegentes
1247 3191 1497 3258 auxiliis,
1529 3208 1816 3268 nunquam
1851 3190 1947 3246 nili
1984 3201 2178 3246 mutua
2194 3192 2249 3247 δι

208 3267 277 3324 in
296 3268 579 3344 reciproca
589 3268 892 3327 eoncordia
904 3269 1221 3346 perdurent.
1256 3269 1726 3345 Hocjamdudum
1747 3269 2024 3326 Nometus
2036 3266 2252 3332 sciebat,

207 3345 1430 3484 252.-..tssmquffmm‘mmtzfflzfizffiiffi¹
1455 3348 1679 3484 ..iffi
1703 3343 2259 3501 §ssiaefssfflsststszt

207 3492 610 3580 pulcherrimo*
623 3490 913 3577 Musarum
928 3500 1135 3562 furore.
1179 3506 1329 3562 Nam
1336 3541 1355 3569 ,
1367 3443 1836 3580 pgaeterclliumolpi
1857 3502 2036 3561 versus
2053 3502 2144 3560 sua
2160 3506 2253 3560 in·

205 3578 500 3658 genuitate
515 3576 749 3637 fluentes
760 3616 780 3640 2
794 3579 962 3638 etiam
983 3581 1224 3640 Petronii
1239 3580 1552 3657 fragmenta
1568 3583 1714 3640 notis
1729 3582 1896 3640 instru
1905 3582 1984 3640 xit
2000 3620 2017 3642 .
2031 3579 2254 3639 descen-
2272 3600 2281 3607 ’

210 3659 413 3736 ditque
428 3656 497 3715 ad
514 3654 817 3715 Catalessa:
859 3657 1120 3737 haerentiq
1130 3679 1195 3718 ue
1219 3663 1273 3719 δι
1290 3660 1529 3718 attonito
1548 3658 1741 3717 fimilis
1761 3659 1924 3727 hodie
1940 3658 1969 3717 a
1990 3659 2148 3717 nobis
2161 3678 2255 3735 pe·

204 3738 302 3794 tiit
321 3734 544 3794 sensum
561 3734 780 3793 distichi
799 3760 816 3804 3
835 3752 1002 3812 quem
1021 3737 1059 3793 fi
1075 3737 1308 3801 dederis,
1322 3736 1561 3794 adorabo
1577 3750 1661 3793 te:
1694 3756 1822 3795 nam
1842 3745 1896 3799 8<
1917 3738 2053 3795 illud
2071 3753 2251 3796 totam

202 3813 460 3876 scholam
476 3814 538 3873 in
555 3813 769 3874 incerto
785 3815 995 3876 detinet
1012 3839 1031 3887 3
1048 3819 1101 3877 &
1118 3815 1236 3883 ille,
1246 3816 1346 3893 qui
1364 3816 1661 3903 invenerit.
1673 3813 1912 3876 solidum
1931 3835 2018 3876 am
2022 3816 2255 3900 plexum

2116 3905 2257 3948 acci·
