2738 4475
379 203 517 271 πο
583 199 590 207 “
851 196 1368 285 Eumenia.
1419 203 1920 279 sunum

429 388 436 393 ,
485 312 638 407 Post
655 310 796 388 haec
814 342 945 419 ego
963 319 1156 392 lentis
1175 319 1447 416 paffibus
1467 322 1546 396 ad
1566 321 1899 396 Doromifi
1918 323 2083 397 latus
2117 320 2265 396 veni
2292 373 2314 407 ,
2349 329 2475 411 &‚·

391 417 758 516 composito
778 422 996 500 vultu,
1032 445 1113 492 ne
1130 415 1335 515 ipsum
1357 446 1492 493 non
1521 424 1749 495 timere
1772 423 2062 498 viderer:
2118 428 2306 524 Ego,
2336 427 2452 495 in-

391 544 588 616 quam
611 565 636 602 ‚
680 521 889 592 minus
922 518 1263 616 explicabo
1297 546 1474 594 meas
1518 522 1706 594 dotes
1726 578 1751 608 ,
1786 524 2097 619 quoniam
2120 524 2303 596 vobis
2325 522 2450 594 diis

393 619 615 701 omnia
642 640 883 715 patent.
905 642 1212 690 caeterum
1234 619 1534 694 industria
1555 646 1697 694 mea
1719 617 1981 720 perfeci,
2002 648 2085 695 ne
2106 625 2248 721 quis
2268 620 2451 704 effer,

392 721 495 803 cui
523 717 717 789 Musae
735 712 1046 815 profusius
1066 720 1148 791 de
1166 717 1451 793 artificiis
1472 718 1594 796 suis
1611 716 2069 819 dispensarent.
2122 729 2294 809 Quae
2331 745 2465 808 res,

397 817 444 890 fi
461 843 567 888 me
590 817 934 916 Protagoni
956 822 1122 904 ,‘tuis
1144 818 1435 919 auspiciis
1458 871 1483 909 ,
1506 821 1989 895 commendabit
2010 869 2033 904 ,
2061 829 2126 897 &
2152 848 2273 922 per
2286 821 2458 893 hunc

363 1010 366 1013 Α
396 941 505 999 me
547 919 687 987 Dea
727 922 1005 990 Fortuna
1037 918 1335 1017 respiciet
1356 966 1379 1000 ‚
1415 920 1581 992 nihil
1617 922 1822 1013 majus
1855 921 2020 995 mihi
2038 921 2492 1020 imputaverit.

399 1018 657 1111 Apollo
674 1067 696 1102 ,
734 1044 926 1115 quam
965 1020 1141 1116 quod
1178 1019 1288 1117 ipsi
1317 1039 1454 1091 tam
1494 1017 1795 1119 preciosae
1833 1018 2149 1094 servitutis
2187 1022 2467 1122 gratiam

401 1114 636 1188 debeo.
697 1120 942 1189 Audito
960 1117 1342 1192 ille.artificii
1359 1121 1666 1205 nomine,
1691 1119 1925 1192 diutius
1942 1120 2116 1193 haesir
2135 1171 2155 1203 ,
2174 1129 2239 1195 ἃ
2266 1144 2463 1219 quarn

401 1235 604 1295 artem
629 1215 986 1313 profiterer,
1006 1219 1304 1317 diligenti
1327 1222 1688 1291 attentione
1705 1218 2011 1331 quaefivit.
2067 1224 2212 1321 Ego
2227 1221 2465 1293 iterum

403 1312 731 1393 Musarum
751 1314 1150 1414 disciplinam
1172 1344 1276 1390 me
1298 1313 1523 1390 afferre
1541 1317 1914 1420 significavi.
1971 1326 2148 1396 Cum
2186 1345 2269 1392 ne
2319 1340 2465 1391 tum

405 1415 670 1514 quidem
708 1442 918 1490 meam
938 1438 1228 1490 mentem
1254 1418 1666 1518 percepiil'et,
1706 1420 1899 1492 mein
1918 1421 2293 1493 interiorem
2315 1431 2472 1517 pori

404 1518 610 1586 ticum
632 1539 816 1589 vocat
838 1566 861 1603 ,
915 1516 1023 1591 ubi
1042 1518 1299 1617 depifia
1321 1517 1660 1595 humilium
1678 1519 1907 1593 artium
1925 1520 2342 1595 instrumenta
2361 1539 2472 1589 to-

407 1634 484 1687 to
502 1617 814 1712 parietum
834 1642 1144 1692 contextu
1157 1620 1641 1717 explicabantur
1658 1655 1681 1715 3
1715 1622 1934 1695 mallei
1952 1616 2337 1719 incudesque
2352 1666 2374 1700 ,
2400 1625 2470 1692 δε

409 1710 722 1813 spirantes
743 1716 1100 1792 fornacibus
1122 1722 1305 1821 ignes
1325 1769 1350 1804 ,
1398 1722 1656 1794 alterius
1677 1722 1938 1818 parietis
1958 1721 2292 1794 exordium
2306 1720 2485 1792 vivis‘

415 1817 739 1890 coloribus
773 1822 1242 1919 impleverant5
1290 1822 1357 1891 in
1395 1821 1602 1891 altero
1639 1842 1792 1889 vero
1814 1845 2199 1890 marmorum
2220 1817 2466 1915 species

415 1940 597 1987 erant
619 1974 637 2001 ,
678 1925 746 1989 δε
771 1921 1015 1991 rudium
1041 1922 1319 2015 lapidum
1338 1916 1725 2012 politiffimae
1744 1913 1966 1986 formae
1983 1941 2007 1985 .·
2049 1918 2264 1986 mallei
2282 1915 2471 1985 dein·'

418 2015 504 2086 de
522 2063 542 2095 ,
584 2026 648 2087 δι
685 2020 844 2088 radii
875 2019 1174 2107 latiores3
1214 2013 1542 2111 plumbum
1580 2035 1837 2109 quoque
1854 2064 1873 2091 ‚
1912 2012 2088 2109 quod
2129 2011 2305 2082 tenui
2344 2008 2462 2081 filo

415 2111 802 2209 propensum
843 2112 924 2183 de
961 2109 1221 2181 aedificii
1239 2109 1622 2183 reffltudine
1638 2105 1738 2178 sua
1754 2109 2178 2181 inclinatione
2194 2107 2459 2201 judicat.

413 2209 571 2298 Post
611 2209 774 2281 hanc
815 2215 1240 2282 Latomorum
1280 2209 1530 2282 scenam
1566 2229 1745 2281 erant
1786 2204 2083 2282 fiffllium
2125 2206 2470 2282 statuarum

414 2305 747 2402 descriptae
785 2310 1082 2380 rationes.
1144 2313 1297 2384 Nec
1320 2312 1515 2408 longe
1540 2310 1752 2407 pistor
1771 2305 1905 2408 ipse
1925 2305 2104 2381 suum
2122 2307 2472 2382 artificium

411 2410 790 2504 expresserat
809 2407 1093 2507 penicilli
1111 2407 1309 2509 figura
1326 2459 1348 2494 ‚
1369 2418 1431 2482 &
1452 2408 1801 2482 ostrearum
1823 2408 2091 2488 conchis
2112 2455 2133 2490 ‚
2154 2434 2310 2509 quas
2332 2409 2472 2481 vel·-
2508 2425 2513 2426 ’

417 2509 511 2578 uti
533 2508 748 2579 dilutis
769 2511 1085 2580 coloribus
1106 2510 1453 2580 inundabat
1468 2558 1495 2593 ,
1532 2508 1773 2580 cithara
1792 2508 2027 2581 deinde
2043 2554 2066 2589 ,
2102 2531 2291 2606 atque
2313 2509 2470 2607 lyra,

424 2613 492 2678 &
533 2607 861 2680 laboriosa:
898 2607 1233 2680 testudinis
1276 2606 1437 2680 fides
1460 2666 1481 2694 ,
1518 2611 1691 2680 velut
1711 2610 1776 2680 in
1800 2608 2119 2680 honorem
2140 2606 2477 2682 saltatoriae

422 2710 575 2779 artis
595 2734 672 2780 ex
693 2733 873 2780 aurea
893 2707 1104 2780 tabula
1121 2706 1158 2779 s
1149 2707 1583 2807 perstabantur.
1628 2715 1969 2808 supremus
1990 2707 2322 2784 hortorum
2340 2710 2481 2780 cul-

426 2826 528 2877 tus
548 2832 680 2879 erat
701 2857 722 2891 ,
785 2818 850 2882 &
876 2809 1137 2880 deduffl
1161 2807 1461 2880 industria
1482 2805 1706 2879 fontis.

431 2965 440 2974 .
528 2914 694 2981 Haec
733 2933 838 2980 me
871 2909 1093 2981 omnia
1124 2910 1361 2980 intueri
1382 2904 1763 2980 Doromisus
1782 2906 2003 3001 jubet,
2038 2902 2083 2974 fi
2102 2900 2473 2976 forteinve-

417 3006 635 3079 nirem
655 3010 1056 3080 illam-ortem
1075 3058 1100 3095 ‚
1138 3032 1331 3107 quam
1348 3005 1480 3106 ego
1496 3004 1816 3079 Musarum
1837 3002 2229 3099 disciplinam
2250 3004 2475 3101 appel-

425 3106 728 3182 laveram‘.
789 3115 969 3182 Tum
990 3132 1117 3209 ego
1135 3156 1159 3195 ,
1193 3108 1532 3178 intellecto
1552 3105 1829 3178 nominis
1847 3125 2060 3175 errore
2076 3158 2096 3186 ,
2122 3126 2228 3172 me
2245 3100 2477 3174 mode-

429 3202 523 3277 ste
560 3207 870 3282 artificem
907 3204 1031 3280 effe
1070 3206 1336 3305 negavi,
1365 3205 1603 3302 aliquid
1624 3204 1897 3276 nobilius
1916 3205 2249 3299 parentum
2269 3198 2479 3273 fortu-

342 3396 347 3401 ·
422 3328 584 3378 nam
603 3307 902 3405 aperuiffe
926 3305 1128 3390 mihi,
1147 3306 1567 3407 &ingenium
1591 3303 1629 3375 Ξι
1649 3305 1818 3404 vulgi
1835 3300 2115 3374 sordibus
2139 3296 2476 3376 secretum.

435 3408 557 3478 Me
577 3410 779 3479 literis
803 3405 929 3480 efl'e
949 3410 1273 3480 excultum
1292 3454 1314 3488 ,
1341 3430 1450 3478 me
1471 3424 1701 3476 naturae
1726 3401 2194 3475 humanitatem
2215 3402 2475 3473 mitium

421 3504 785 3579 -studiorum
806 3504 1139 3606 disciplina
1154 3504 1548 3605 expoliviffe.
1586 3503 1833 3576 Audito
1852 3503 1962 3574 ille
1977 3497 2339 3574 scholastici
2356 3526 2483 3572 no-

436 3610 614 3680 mine
637 3605 964 3680 fastidioso
977 3653 999 3688 ,
1021 3608 1297 3705 primum
1315 3627 1473 3676 nutu
1486 3601 1799 3677 aversatus
1816 3600 1910 3675 est
1928 3623 2334 3701 perorantem
2358 3629 2376 3672 ε
2401 3623 2475 3671 ac

427 3706 697 3782 modico
713 3706 947 3782 deinde
965 3704 1085 3780 risu
1099 3707 1232 3803 jam
1248 3705 1597 3807 trepidum,
1614 3706 1746 3802 jam
1764 3704 2156 3804 pavitantem
2180 3699 2479 3810 perstrin-

1931 3856 1933 3858 .
2351 3815 2472 3881 tlt.
