2738 4475
455 233 566 317 82,
964 234 1465 308 Eunaeum.
1522 234 2008 310 Sarvntct
2081 205 2089 219 λ

451 357 699 457 plicam
736 355 979 429 cultum
994 380 1263 456 cot-pore
1279 414 1304 444 ,
1345 357 1387 430 ὲ
1406 352 1766 429 transeunte
1781 360 1979 428 veluti
2000 375 2219 427 nutum
2239 354 2505 429 extorsit

461 481 613 528 cum
650 456 717 527 in
751 454 1651 556 elegantiffimamperdu6m5
1675 458 1938 529 domum
1962 502 1984 538 ,
2022 464 2085 529 δι
2104 456 2503 527 orationibus

461 556 532 628 in
554 556 713 627 atrio
732 556 807 626 ad
829 553 1147 628 fastidium
1165 558 1378 657 longis
1395 579 1699 655 exceptus
1715 603 1737 638 ‚
1756 553 1890 653 ipse
1911 557 2173 627 naturali
2188 556 2507 654 eloquen-

456 657 551 728 tia
571 654 852 726 vividum
868 656 1198 757 ingenium
1222 653 1551 755 prompsit.
1606 664 1696 728 At
1714 680 1840 756 ego
1852 676 1955 726 tot
1976 656 2161 754 nugis
2177 650 2504 754 fatigatur,

456 755 525 827 in
550 752 810 826 Labetri
831 754 1100 827 domum
1119 757 1313 828 redeo
1330 813 1352 842 ‚
1378 754 1732 856 potioribus
1755 756 2070 828 miraculis
2087 753 2368 852 pasturus
2387 778 2499 826 cu-

459 853 805 927 riofitatem
828 850 1056 928 sedulae
1080 858 1335 927 mentis}
1694 918 1697 921 .

349 982 381 1030 ι
397 958 435 1032 8
459 976 468 981 ·
558 953 715 1025 Erat
753 974 964 1025 autem
1000 957 1066 1026 in
1086 948 1372 1025 interiori
1393 955 1635 1050 palatio
1649 979 1777 1025 non
1792 975 1921 1025 tam
1943 952 2280 1025 hominum
2302 948 2501 1025 infre-

457 1052 722 1152 quentia
741 1095 763 1130 ,
808 1077 997 1152 quam
1031 1052 1381 1124 (ilentiumt
1418 1076 1652 1122 omnes
1695 1055 1890 1125 veluti
1908 1052 2158 1150 stupore
2178 1052 2499 1125 concubii

458 1149 989 1224 modestiffimam
1034 1175 1261 1222 vocem
1292 1148 1369 1220 ad
1403 1150 1643 1223 vicinas
1681 1178 1859 1225 aures
1888 1155 2071 1225 anxie
2103 1147 2501 1241 transmitte-

451 1249 654 1330 bant,
694 1258 762 1323 &
795 1252 966 1323 oculi
999 1270 1132 1319 non
1166 1270 1416 1320 temere
1453 1251 1594 1348 vagi
1614 1252 1680 1320 in
1700 1253 1989 1323 animum
2006 1274 2218 1322 meum
2238 1250 2500 1347 pietati·

453 1350 835 1425 induxerant
855 1345 1120 1421 sensum.
1177 1348 1384 1449 Igitur
1417 1352 1891 1447 contemplatus
1910 1349 2180 1449 ubique,
2214 1374 2372 1421 num
2389 1350 2498 1424 vel

456 1474 560 1522 ara
580 1450 684 1521 vel
699 1448 966 1525 deorum
983 1449 1296 1549 imagines
1314 1445 1647 1549 religiosos
1664 1448 1963 1522 homines
1982 1471 2314 1523 moverent
2332 1478 2353 1521 t
2392 1451 2502 1522 ni·-

458 1546 554 1621 hil
574 1547 905 1622 advertere
923 1551 1104 1648 potui
1126 1572 1352 1647 praeter
1368 1549 1650 1621 tunicam
1670 1574 2076 1648 purpuream,
2146 1574 2238 1623 uae
2257 1575 2337 1623 ex
2353 1549 2503 1622 tho·

458 1649 529 1720 lo
559 1649 801 1722 catenis
832 1650 1033 1723 aureis
1065 1648 1424 1747 pendebat,
1463 1656 1530 1720 δι
1568 1651 1797 1747 capitis
1817 1671 1884 1721 te
1935 1675 2085 1722 men
2130 1650 2318 1721 ericis
2336 1647 2418 1721 ad
2432 1673 2508 1720 u-

454 1767 761 1849 trumque
801 1751 964 1821 latus
1000 1750 1187 1822 nodis
1205 1749 1492 1850 inligne3
1528 1774 1670 1848 quae
1694 1755 1757 1819 &
1778 1677 2044 1849 gegasse
2059 1750 2358 1842 juvenem
2381 1755 2504 1820 La-

460 1847 718 1921 betrum
739 1849 1099 1934 dicebatur,
1121 1857 1187 1922 &
1215 1851 1281 1921 in
1299 1847 1514 1921 nescio
1531 1850 1708 1936 cujus
1727 1846 2119 1919 sent-&utem
2139 1844 2449 1918 asservari.

462 1958 472 1968 '
563 1947 695 2021 Sed
714 1971 861 2022 eum
879 1970 1328 2046 promoverem
1346 1942 1736 2014 inconsultos
1755 1942 1982 2039 gradus
1998 1943 2065 2012 in
2085 1939 2495 2014 secretiorem

459 2046 810 2118 thalamum
826 2103 847 2128 ,
889 2046 1192 2137 corripuit
1225 2042 1522 2110 laciniam
1538 2038 1729 2109 vestis
1752 2042 1847 2109 vir
1865 2095 1887 2122 ‚
1928 2037 1971 2108 fi
1995 2038 2160 2109 bene
2180 2039 2497 2129 conjicie-

456 2144 610 2214 bam
642 2166 721 2211 εκ
738 2143 957 2210 colore
974 2146 1042 2210 δι
1062 2137 1462 2237 turgentibus
1479 2135 1669 2208 labris
1687 2182 1711 2218 ,
1756 2133 1922 2209 Afer
1939 2184 1964 2222 ,
1999 2145 2063 2209 &
2086 2135 2240 2236 quid
2253 2138 2322 2207 in
2341 2139 2498 2210 loco

451 2253 592 2313 ‘tam
630 2236 849 2310 illustri
885 2234 1159 2310 facerem
1198 2264 1227 2308 r
1318 2239 1479 2310 avit.
1530 2242 1929 2309 Commotus
1945 2234 2496 2338 ergo-strifitorum

456 2342 527 2414 in
569 2362 676 2411 me
710 2338 1042 2408 oculorum
1082 2261 1415 2430 majffiate
1435 2383 1460 2417 ‚
1494 2336 1656 2407 nibil
1685 2334 1876 2408 habui
1901 2339 2076 2436 quod
2090 2361 2497 2436 opponerem

451 2459 596 2511 tam
614 2431 1173 2510 vffirantibusatefis
1192 2482 1215 2518 ‚
1254 2435 1367 2508 nist
1394 2438 1714 2508 canionis
1735 2439 2094 2535 potentiam
2114 2463 2135 2506 ε
2188 2437 2364 2529 cujus
2385 2438 2503 2511 ille

457 2539 767 2618 nomine,
800 2553 1102 2636 tanquam
1121 2533 1391 2608 fulmine
1412 2531 1754 2635 prostratus
1774 2586 1799 2622 ,
1832 2534 2068 2617 Nihil,
2099 2536 2310 2634 inquit
2336 2538 2509 2616 ,im-

449 2637 682 2739 pedio.
736 2641 914 2709 Tam
952 2634 1228 2734 gratiosa
1268 2631 1534 2708 servitus
1551 2635 1775 2708 omnia
1790 2633 1976 2726 hujus
1993 2630 2250 2708 familia:
2268 2633 2510 2709 secreta

450 2737 579 2807 tibi
603 2731 794 2807 facile
805 2736 1142 2833 producet.
1162 2739 1310 2809 Hac
1329 2737 1515 2807 venia
1532 2731 1735 2807 faetus
1752 2735 2048 2807 audacior
2064 2738 2130 2805 in
2149 2737 2513 2832 proximant

453 2832 679 2907 sedem
718 2829 1047 2932 irrumpo,
1083 2835 1193 2905 ubi
1231 2838 1429 2907 etiam
1454 2836 1782 2934 pauciores
1800 2831 2088 2918 stabant,
2126 2843 2191 2906 δι
2218 2836 2509 2935 plerique

459 2930 641 3008 fusco
674 2936 850 3005 vultu
880 2933 1243 3005 horribiles.
1304 2936 1583 3007 Diceres
1603 2937 1748 3006 illos
1773 2936 2036 3033 'regium
2057 2933 2299 3031 Cyneae
2322 2933 2508 3005 sena-

459 3056 603 3106 tum
619 3035 979 3106 trucif‘vultu
1000 3030 1247 3133 fingere
1264 3079 1290 3119 ‚
1328 3035 1405 3105 ad
1424 3039 1599 3129 cujus
1617 3034 1947 3133 gravitatis
1963 3034 2313 3131 imaginem
2335 3039 2510 3104 Prae-

463 3132 671 3207 fessus
711 3133 1026 3209 Pretorio
1063 3130 1278 3204 nescio
1306 3134 1480 3225 cujus
1515 3136 1728 3233 gentis
1776 3134 2054 3203 maxime
2110 3128 2504 3205 formaverat

464 3240 712 3306 vultum
734 3281 755 3312 ‚
781 3234 889 3332 qui
909 3235 1213 3304 trecentis
1236 3257 1438 3331 nuper
1455 3235 1642 3304 mulis
1664 3233 1998 3303 advenerat
2019 3280 2042 3315 ,
2059 3255 2128 3302 ut
2146 3231 2416 3305 doceret
2433 3242 2505 3308 δι

445 3327 690 3430 {ogere
720 3330 783 3404 se
804 3331 962 3404 scire
981 3377 1003 3413 ‚
1042 3341 1108 3406 δι
1133 3333 1232 3403 his
1256 3334 1461 3432 magis
1484 3328 1951 3404 formidabilem
1970 3329 2093 3402 effe
2108 3333 2220 3428 qui
2240 3332 2276 3403 Ξ
2293 3355 2503 3433 tergo,

361 3486 367 3492 .
465 3455 660 3529 quam
697 3433 805 3531 qui
824 3432 861 3502 εὶ
884 3428 1095 3504 fronte
1115 3430 1547 3506 consisterent.
1599 3435 1780 3504 Tum
1797 3456 1925 3531 ego
1944 3433 2285 3530 applicitus
2304 3433 2379 3503 ad
2397 3457 2504 3528 pa-

449 3533 736 3615 ·tiete'm,
771 3527 1034 3605 lustrare
1066 3534 1246 3633 coep'i
1279 3531 1573 3605 omnium
1606 3528 1921 3619 incessus,
1958 3539 2025 3606 &
2061 3526 2388 3631 superbam
2422 3529 2502 3602 ad

2328 3627 2507 3703 fasti-

543 3809 575 3853 ι
615 3799 792 3871 καὶαι-
820 3806 975 3869 aneae
987 3801 1232 3869 fiam]
1263 3799 1461 3872 Agypti
1472 3799 1715 3871 quondm
1729 3796 2396 3880 ptoyinciafitithoenomine·

2327 3883 2349 3915 ι
2394 3872 2494 3920 No·-
