2738 4475
840 275 1735 359 Pans1v.·
2090 287 2239 380 489

206 410 276 489 Β
311 401 476 480 forte
513 406 583 479 in
612 404 1003 481 Favorinum
1038 398 1500 499 Philosophum
1531 397 1889 479 inciderat,
1931 397 2040 497 qui
2059 400 2240 473 abeo

206 505 520 581 laceffitus
544 503 1309 609 argumentis‚parcius‚&
1333 522 1402 572 ut
1419 498 2048 599 vicius‚agebat,quo
2066 500 2249 571 Prin-

206 630 358 706 ceps
381 608 647 704 impune
669 608 1003 679 exultaret.
1059 599 1573 700 objurgantibus
1592 599 1849 685 amicis,
1901 597 2076 697 quod
2112 619 2249 673 tam'

206 705 396 778 facile
436 703 701 777 ceffiffet
726 753 751 789 ,
787 704 1007 787 Male,
1045 701 1257 800 inquit
1278 746 1300 780 ,
1321 698 1725 772 admonetis.-
1774 702 1955 770 Nam
1977 721 2090 768 cur
2109 723 2248 772 non

204 802 650 878 doctissimum
673 825 892 903 putem
914 852 937 888 ,
1006 801 1066 871 ui
1084 798 1278 871 habet
1296 799 1532 899 viginti
1549 798 1891 898 legiones?
1922 801 2092 871 Haec
2111 823 2248 871 non

211 905 343 978 sme
364 925 739 1002 argumento
761 826 1188 998 Philosophus
1210 927 1229 970 ι
1281 923 1430 970 cum
1450 943 1474 978 ,
1494 922 1580 971 ex
1598 918 1730 968 arte
1752 917 1853 968 tot
1871 896 2239 996 legionibus

215 1001 528 1076 moderari
546 1050 570 1085 ,
590 1002 663 1074 lit
681 1001 926 1073 altioris
949 998 1227 1071 scientiae
1244 1043 1265 1079 ‚
1287 1019 1479 1098 quam
1499 995 1805 1097 quicquid
1823 1000 2109 1070 exercito
2126 1044 2148 1079 ,
2170 1007 2247 1073 δε

300 1129 328 1173 ι·
357 1103 982 1201 contemplationem
1001 1094 1245 1173 sublato
1264 1099 1600 1181 acumine,
1620 1097 1710 1169 ,in
1746 1092 1978 1169 scholis
2014 1098 2250 1199 depre-

209 1128 469 1275 figendas.
2224 1205 2263 1226 ³

306 1305 644 1377 Caeterum
678 1320 748 1374 ut
784 1299 1073 1375 omnium
1090 1323 1344 1380 rerum,
1380 1318 1520 1371 tum
1539 1296 1944 1398 ingeniorum
1960 1300 2248 1374 maxime

206 1402 755 1499 pulchritudinem
772 1448 796 1483 ,
820 1401 983 1498 saepe
1000 1397 1088 1472 sui
1105 1397 1336 1470 fiducia
1353 1401 1683 1495 pervertit.
1715 1400 1909 1471 Multi
1923 1401 2099 1474 enim
2118 1398 2247 1472 suae

204 1499 679 1595 imbecillitatis
695 1495 936 1569 conscii
958 1556 981 1583 ,
1032 1497 1100 1569 id
1135 1518 1444 1568 conantur
1476 1496 1842 1570 {laboribus
1868 1497 2247 1599 impetrare,

203 1597 387 1696 quod
408 1598 662 1670 Natura
682 1617 1058 1696 negaverat,
1096 1602 1165 1669 &
1200 1594 1443 1667 affiduo
1461 1597 1633 1666 cultu
1650 1600 1932 1670 animum
1947 1600 2037 1671 ita
2055 1602 2241 1672 miti-

214 1716 376 1796 gant
393 1752 414 1779 ,
440 1716 634 1793 atque
653 1692 929 1766 formant
949 1751 971 1779 ,
993 1716 1061 1766 ut
1080 1693 1314 1766 deinde
1332 1690 1512 1793 supra
1528 1695 1674 1766 illos
1693 1698 2019 1770 emineant
2035 1701 2145 1799 qui
2164 1697 2245 1771 ad
2350 1767 2351 1770 ,

210 1818 449 1892 magna
465 1789 743 1866 feliciter
761 1795 893 1865 nati
910 1814 1088 1865 erant
1103 1850 1125 1878 ‚
1169 1791 1277 1865 sed
1308 1789 1551 1867 suarum
1589 1795 1903 1868 mentium
1942 1798 2126 1870 rob‘ut
2146 1800 2251 1869 in-

203 1890 501 1963 consulte
524 1890 882 1990 specstantes
904 1939 928 1978 ‚
963 1892 1283 1964 laboribus
1304 1943 1329 1980 ,
1361 1914 1669 1993 tanquam
1688 1891 2105 1991 supervacuis,
2132 1897 2249 1968 ab-

203 1990 588 2064 stinuerunt.
659 1998 905 2090 Ingens
939 2015 1198 2091 quoque
1229 1994 1404 2064 inter
1432 1992 1553 2063 hos
1583 1993 1754 2090 ipsos
1771 1991 2112 2069 discrimen
2125 1995 2244 2082 est,

200 2092 319 2189 qui
335 2089 694 2189 diligentiae
710 2090 980 2162 stimulis
999 2091 1267 2188 exerciti
1285 2088 1687 2189 perficiendo
1704 2094 1975 2189 ingenio
2003 2096 2252 2169 incum-

201 2187 389 2262 bunt.
440 2193 621 2264 Nam
639 2190 955 2270 nonnulli,
973 2213 1423 2290 quamcunque
1441 2213 1579 2263 rem
1595 2190 1706 2263 fibi
1728 2189 2075 2266 adlabores
2090 2221 2246 2294 pro-

200 2286 585 2390 posuerunt,
636 2291 706 2360 in
736 2291 871 2385 ejus
905 2289 1210 2363 duntaxat
1243 2290 1529 2387 apicibus
1561 2286 1946 2391 summisque
1971 2289 2241 2396 fastigiis

198 2409 597 2487 occupantur
618 2435 644 2472 ‚
661 2388 741 2460 ad
757 2390 1000 2462 minora
1021 2436 1045 2474 ‚
1065 2414 1136 2461 ac
1158 2388 1480 2462 interdum
1500 2386 1833 2467 neceffaria
1852 2440 1875 2476 ‚
1893 2415 1977 2464 ne
1993 2400 2245 2493 cogita-

197 2488 457 2560 tionem
495 2486 836 2579 demittere
870 2486 1131 2586 quidem
1169 2485 1452 2587 possunt.
1519 2489 1707 2559 Alios
1738 2488 2028 2560 adversus
2064 2515 2242 2562 error

204 2586 435 2670 habet,
452 2586 564 2680 qui
584 2588 779 2657 veluti
794 2611 864 2657 ac
886 2587 930 2656 li
955 2586 1107 2685 quid
1127 2587 1163 2657 a
1180 2610 1367 2689 tergo
1383 2584 1735 2684 suspestum
1757 2607 1862 2657 aut
1879 2588 2246 2686 inexplora-

210 2704 357 2755 tum
379 2685 763 2781 relinquant,
781 2684 942 2755 adeo
955 2687 1183 2784 exigua
1201 2710 1468 2787 quaeque
1486 2683 1861 2769 scrutantur,
1883 2686 2046 2758 adeo
2062 2690 2245 2787 quic-

261 2782 374 2854 uid
409 2780 747 2854 didicerint
777 2780 937 2855 scire
970 2787 1193 2857 volunt
1213 2831 1236 2867 ,
1276 2808 1345 2857 ut
1377 2811 1496 2858 nec
1532 2785 1913 2885 progrediin
1933 2785 2245 2861 destinata

206 2810 414 2954 Hadia
430 2882 705 2954 multum
726 2880 966 2979 poffint
986 2938 1007 2967 ,
1043 2908 1162 2954 nec
1180 2883 1258 2956 ad
1276 2909 1492 2958 veram
1511 2895 1578 2960 δι
1598 2887 1924 2958 liberalem
1945 2886 2129 2982 hujus
2146 2889 2240 2961 rei

202 3006 402 3081 quam
420 3001 552 3053 tam
569 2976 991 3080 superstitiose
1008 2982 1294 3055 ambiunt
1312 2988 1757 3085 cognitionem
1780 2989 2171 3085 pertingere.

308 3079 440 3153 Sed
473 3104 593 3153 nec
631 3082 930 3153 omnibus
961 3104 1267 3180 praeterea
1303 3084 1580 3184 ingeniis
1600 3087 1700 3156 vis
1720 3084 2240 3154 eademadlabo-

205 3204 350 3251 rum
373 3180 748 3274 patientiam
766 3228 788 3262 ,
813 3187 879 3253 &
905 3180 1386 3254 diuturnitatem
1406 3231 1427 3267 ‚
1442 3180 1727 3256 concessa
1741 3180 1857 3252 est.
1910 3184 2088 3254 Nam
2108 3209 2240 3281 quo

205 3275 497 3347 subtilior
520 3277 612 3348 est
631 3281 904 3366 animus,
926 3289 993 3355 δι
1016 3283 1079 3352 in
1103 3298 1368 3354 acumen
1392 3284 1595 3380 magis
1615 3277 1813 3350 faetus
1829 3328 1851 3363 ‚
1879 3304 1961 3351 eo
1979 3281 2246 3378 quidem

204 3377 324 3449 fibi
347 3372 588 3446 facilius
609 3380 675 3448 in
693 3381 1030 3476 impeditas
1069 3403 1167 3450 res
1205 3384 1372 3451 viam
1411 3374 1561 3450 facit
1578 3428 1603 3462 ‚
1658 3372 1764 3448 sed
1807 3387 1872 3450 &
1913 3382 2098 3451 citius
2132 3406 2240 3455 aut

207 3475 658 3575 magnitudine
708 3478 942 3549 laboris
995 3499 1099 3551 aut
1140 3478 1545 3577 longitudine
1581 3475 1887 3548 hebescit.
1972 3482 2245 3581 Quippe

2073 3580 2242 3675 ejus-

196 3708 508 3763 eofaausest
538 3708 830 3763 Philostratus
845 3745 860 3769 ‚
900 3711 1082 3762 Gellius
1112 3711 1195 3763 hu·
1256 3711 1440 3763 tatione
1454 3710 1654 3779 quadarn
1674 3708 1886 3762 Adriano
1899 3708 2246 3770 cessill‘cadm‘s-

198 3783 276 3841 ius
307 3781 550 3830 meminit.
602 3782 813 3832 mianus
842 3779 1040 3831 vcro'de
1070 3780 1193 3829 varia
1255 3778 1556 3847 rantibusque
1584 3780 1841 3858 proximis,
1875 3797 2037 3832 nonne
2058 3782 2244 3843 cedam.

113 3907 123 3914 ,
193 3847 389 3903 lussoria
403 3848 520 3902 dicit
535 3847 659 3904 himc
673 3847 954 3918 quandoque
968 3848 1020 3917 in
1042 3843 1193 3916 dispu-
1255 3849 1411 3918 inquit
1424 3882 1442 3910 ‚
1458 3850 1593 3923 tiqui
1607 3848 1779 3913 viginti
1790 3849 1997 3918 legiones
2018 3848 2154 3901 inber
2172 3854 2195 3897 t

1616 3915 1769 3979 31⁸5
2117 3921 2245 3966 ire·
