2738 4475
840 231 1701 318 PansIV.‘
2070 245 2215 326 545

192 367 677 448 constituerent,
712 386 1079 461 certamque
1113 388 1233 459 pro
1253 361 1641 434 mercenaria
1662 353 2032 454 eloquentia
2053 377 2211 451 pen-

196 470 450 543 fionem.
521 473 669 563 Jam
705 462 1058 537 insaniente
1094 461 1284 534 Orbe
1304 510 1329 546 ‚
1363 469 1428 535 &
1466 461 1535 529 in
1572 453 1960 530 immensum
1994 451 2212 524 litibus

191 569 381 641 auctis
399 617 423 652 ,
462 591 623 667 gens
660 567 768 636 illa
783 557 1122 663 quaestuosa
1138 607 1161 640 ,
1204 562 1530 657 etiamque
1593 552 2024 653 opuloliffima
2044 602 2067 634 ,
2104 552 2215 623 vix

195 666 454 740 ferendo
475 665 848 765 agendoque
871 660 1210 737 clientibus
1227 659 1457 734 sufficit
1474 713 1494 743 ‚
1535 584 1668 729 siras
1701 655 1961 729 exuvias
1978 651 2059 726 ad
2076 674 2218 748 cer-3

193 788 405 840 tamen
423 764 839 838 tradentibus,
1634 835 1639 838 ,

286 867 582 940 Patronis
604 862 918 936 causarum
941 909 965 946 ‚
1000 884 1069 938 ut
1090 863 1323 968 ubique
1343 887 1499 936 unus
1517 860 1765 963 spiritus
1783 909 1809 946 ,
1842 857 1922 933 ad
1938 881 2099 959 opes
2120 850 2220 927 fa-

194 989 495 1063 mamque
534 964 957 1064 properandi,
1013 968 1100 1035 ita
1135 991 1254 1065 pro
1286 963 1667 1037 conditione
1697 962 2033 1061 regionum
2073 954 2217 1028 sunt

201 1064 363 1138 varia
398 1063 592 1136 studia
629 1088 822 1165 atque
853 1064 1079 1165 gradus
1103 1121 1123 1148 ,
1168 1092 1278 1164 per
1310 1088 1475 1164 quos
1512 1061 1826 1134 destinata
1859 1057 2218 1160 perficiant.

200 1168 409 1263 Leges
431 1184 497 1233 ut
515 1166 856 1263 plurimum
879 1210 901 1245 ‚
927 1188 1058 1236 non
1075 1168 1248 1237 nudo
1264 1172 1328 1238 δι
1352 1162 1631 1236 candido
1690 1161 1844 1233 enio
1859 1176 2221 1260 perceptas,

192 1289 319 1361 quo
351 1261 740 1336 ducebantur
766 1264 877 1363 qui
897 1265 1032 1334 illas
1054 1265 1517 1343 condiderunt,
1561 1258 1622 1334 se
1685 1260 1963 1333 deflexas
1982 1285 2094 1359 per
2110 1258 2222 1328 in-

193 1387 485 1435 numeros
505 1365 848 1462 anxiosque
869 1364 1234 1436 calliditatis
1255 1362 1659 1443 articulos,in
1677 1363 1990 1459 precipuae
2014 1355 2222 1444 scien-

191 1462 294 1534 tiae
318 1483 567 1561 partem
591 1462 856 1533 habent.
908 1465 989 1532 ln
1011 1464 1088 1530 iis
1111 1459 1351 1560 aliquid
1374 1461 1658 1533 invenire
1674 1509 1702 1546 ,
1734 1485 1865 1560 quo
1881 1458 2053 1532 eludi
2072 1458 2229 1530 sim·-

185 1561 439 1660 plicitas
460 1559 656 1658 poffit
674 1558 855 1630 bono
870 1559 1005 1650 jure
1019 1562 1334 1632 utentium
1351 1615 1372 1645 ,
1408 1558 1921 1659 gloriolissimum
1943 1557 2231 1656 putatur.'

193 1660 393 1756 Apud
426 1653 653 1755 pleros
691 1680 767 1727 ue
798 1658 1067 1755 populos
1098 1661 1208 1731 illa
1239 1662 1369 1753 jura
1402 1661 1702 1754 obtinent
1721 1717 1741 1746 ‚
1777 1685 1919 1760 quae
1935 1648 2229 1732 Romani

193 1755 312 1829 fibi
334 1758 498 1828 olim
519 1683 943 1828 condiderunt
965 1803 988 1838 ‚
1009 1767 1076 1831 δε
1096 1759 1310 1831 civilia
1325 1784 1405 1856 ap
1453 1762 1739 1831 ellamuS.
1809 1763 1900 1832 Et
1916 1757 2227 1858 quoniam

193 1878 287 1928 eae
307 1857 512 1956 leges,
538 1856 577 1925 ὲ
600 1857 822 1953 peritis
839 1859 1000 1929 olim
1018 1857 1378 1931 austoribus
1426 1857 2002 1944 ancitae,robustam
2026 1863 2092 1928 δι
2116 1877 2229 1926 va·

191 1955 349 2027 riam
370 1955 801 2029 eruditionem
820 1954 1054 2028 habent
1069 2003 1093 2039 ,
1131 1958 1280 2030 ideo
1299 1981 1535 2032 earum
1573 1956 1849 2031 studium
1873 1982 2005 2029 non
2024 1954 2230 2025 solum

188 2049 551 2127 diffundere
569 2054 636 2123 in
687 2056 831 2126 enia
852 2053 1038 2141 solet,
1061 2081 1175 2154 per
1196 2057 1381 2128 ardua
1403 2083 1481 2130 ac>
1498 2056 1768 2132 molesta
1784 2057 1936 2152 juris
1954 2052 2236 2152 fafflque

189 2173 608 2254 argumenta,
640 2080 747 2223 sed
783 2160 850 2226 &
890 2155 1154 2251 pulchra
1183 2157 1583 2256 antiquarum
1606 2179 1815 2228 rerum
1835 2153 2234 2227 scientiaim·

192 2254 333 2325 buit
353 2301 376 2336 ,
418 2278 558 2354 quae
596 2251 673 2327 ad
705 2253 997 2343 humanae
1014 2256 1160 2328 vitae
1181 2250 1492 2329 culturam
1514 2254 1798 2353 preciosa
1823 2253 1921 2326 est
1939 2310 1961 2339 ,
1997 2253 2066 2325 in
2083 2247 2234 2324 foro

188 2350 418 2441 saltem
458 2352 537 2424 ad
574 2348 1069 2427 ostentationem
1108 2355 1390 2427 valitura.
1451 2360 1470 2392 ¹
1491 2362 1569 2426 In
1601 2355 1731 2425 illis
1764 2376 1977 2427 autem
2011 2351 2232 2454 genti·

192 2452 312 2525 bus
333 2499 358 2536 ,
393 2449 561 2551 apud
599 2477 753 2551 quas
769 2478 905 2524 non
923 2477 1003 2524 ex
1023 2456 1326 2526 Romana
1346 2451 1653 2552 sapientia
1669 2504 1695 2541 ,
1730 2451 1839 2526 sed
1853 2478 1933 2524 ex
1956 2452 2236 2524 munici-

246 2553 331 2623 ali
346 2598 370 2634 ,
391 2548 464 2626 'ec
487 2575 943 2650 nonnunquam
962 2552 1232 2624 barbaro
1248 2556 1543 2651 gentium
1564 2551 1750 2633 scito,
1769 2555 1901 2645 jura
1920 2547 2119 2621 deseri
2171 2570 2239 2620 ta

165 2732 168 2735 ,
190 2580 343 2724 {unt
359 2698 381 2735 ,
424 2650 534 2723 vix
551 2650 789 2748 aliquid
805 2650 1216 2723 humanitatis
1231 2654 1482 2753 ingrata
1503 2648 1990 2726 causidicorum
2010 2673 2106 2719 ars
2125 2574 2240 2719 iia-

193 2749 335 2829 bet,
360 2754 456 2835 &,
476 2744 592 2817 nili
614 2752 1019 2845 promitteret
1039 2748 1346 2852 quaestum
1365 2802 1390 2838 ,
1441 2754 1520 2825 iis
1554 2775 1810 2850 quoque
1846 2749 2043 2820 invisa
2061 2794 2083 2830 ‚
2120 2745 2237 2849 qui

192 2845 646 2939 studiofiffime
659 2872 803 2921 eam
821 2850 1060 2922 colunt.
1119 2850 1221 2923 Ibi
1236 2854 1411 2923 enim
1433 2854 1699 2924 Patroni
1715 2849 2031 2922 causarum
2049 2850 2238 2947 inge·

192 2949 305 3022 nia
323 2973 457 3019 non
477 2969 783 3029 exercent
806 2972 922 3047 per
941 2953 1255 3023 Romanae
1272 2955 1654 3049 Graecaeque
1673 2949 1991 3048 sapientiae
2015 2972 2118 3019 aut
2139 2944 2237 3020 fa·-

189 3047 448 3122 cundiae
467 3047 862 3124 venustatem
883 3096 907 3132 ‚
942 3049 1049 3122 sed
1068 3050 1455 3123 inhaerentes
1475 3053 1718 3150 aliquot
1737 3047 1999 3125 vocibus
2018 3094 2041 3129 ‚
2075 3066 2239 3218 cor}-

1990 3164 2175 3244 cepta
2204 3185 2238 3207 ‹-

277 3278 304 3314 1
340 3268 397 3313 ln
421 3261 511 3312 iltis
533 3280 669 3317 man
686 3268 916 3337 gentibus,
944 3267 1059 3338 apud
1070 3286 1184 3337 quae
1245 3285 1353 3320 eum
1397 3269 1576 3319 tabulas
1605 3266 1718 3319 duas
1745 3265 1803 3317 ad
1830 3267 1956 3319 eive·
1989 3271 2239 3321 Romanos

198 3349 357 3384 mex
375 3337 808 3402 Rommsipiemiae‚
829 3339 960 3402 tyn]
974 3337 1194 3404 Justinia·
1251 3340 1453 3388 maxime
1481 3339 1764 3405 pertinentes
1803 3331 2110 3393 addidiffent,
2146 3333 2234 3387 hae

198 3417 295 3452 nus
315 3405 578 3466 Imperator
589 3403 710 3469 lege·
727 3409 967 3455 Romanas
987 3403 1192 3455 maxime
1250 3406 1534 3474 appellavere
1548 3407 1670 3473 leges
1684 3404 1933 3455 duodecim
1946 3402 2234 3465 tabularum,

198 3470 352 3520 utiles
374 3468 425 3517 in
443 3468 676 3520 codicem
691 3470 864 3538 redegit
882 3504 897 3527 ,
934 3486 1011 3523 aur
1024 3475 1195 3522 curavit
1250 3491 1362 3541 quas
1394 3487 1444 3525 ut
1477 3471 1655 3525 faustas
1681 3472 1740 3522 lic
1766 3471 2058 3533 habuerunt,
2091 3486 2144 3524 ut
2172 3487 2237 3527 ne

194 3537 353 3605 redigi
371 3570 388 3594 ,
413 3534 541 3584 unde
567 3539 714 3588 totius
749 3553 869 3605 pene
898 3545 1084 3606 Etuopz
1114 3545 1195 3592 Pa·
1251 3545 1350 3592 lato
1375 3541 1566 3610 quidem
1594 3556 1748 3608 ungue
1761 3539 1820 3590 ab
1833 3542 1899 3590 eit
1914 3537 2200 3592 discederent
2220 3559 2238 3594 3

195 3607 337 3656 troni
353 3603 562 3655 formam
580 3620 745 3672 petunt
756 3607 1007 3673 litigandi,
1033 3625 1198 3676 quem-
1257 3617 1484 3661 Attamen
1527 3611 1580 3660 in
1607 3609 1813 3676 partibus
1842 3610 2107 3660 Borealibus
2138 3625 2242 3660 non

191 3673 468 3724 admodum
484 3674 605 3724 olim
630 3676 841 3725 Romani
871 3675 900 3727 i
932 3679 1102 3727 Grecis
1134 3685 1200 3727 A·
1255 3695 1336 3745 pat
1364 3677 1427 3728 est
1458 3676 1613 3728 forma
1639 3678 1893 3744 litigandi,
1926 3693 2025 3743 quat
2043 3674 2239 3729 miseros
2304 3703 2312 3705 ⁴

195 3739 528 3793 thenienfibus
569 3739 672 3795 suas
713 3744 841 3811 leges
869 3745 1070 3795 mutuati
1098 3742 1201 3796 sum
1258 3747 1401 3797 hodie
1423 3748 1618 3797 clientes
1651 3745 1768 3796 adeo
1783 3747 1987 3805 cruciat,
2019 3747 2246 3798 utbono·

187 3824 400 3884 propter
426 3796 621 3867 solonis
658 3813 1002 3874 reverentiam,
1035 3812 1202 3885 quibus
1257 3830 1365 3874 mna
1390 3815 1851 3940 omniumjaafiram
1864 3812 1974 3890 sape
1988 3816 2240 3934 patianaer.
