2738 4475
328 177 337 193 ’
427 181 565 274 '1⁷72
933 173 2013 255 Benacumsarnucr

392 322 394 324 ·
426 302 677 382 εεξὶιις,
712 291 786 366 in
819 318 927 368 me
961 296 1324 370 incutiofius
1355 315 1695 392 vagantem
1732 288 2174 393 superbiffimo
2205 295 2339 369 iau
2358 293 2467 371 of-

424 397 658 473 fendit.
711 399 863 494 Ego
879 419 1179 493 tanquam
1199 395 1280 468 de
1302 393 1603 470 altiffimo
1619 395 1864 465 excitor
1883 392 2112 487 somno
2127 444 2151 480 ,
2164 421 2464 473 contem-

424 493 754 598 platusque
772 496 968 567 vilem
991 493 1274 568 habitum
1294 541 1316 577 ‚
1337 519 1466 565 non
1487 492 1736 566 sustinui
1756 494 2069 567 decedere
2089 501 2467 596 praecipiem

429 600 503 669 ti.
565 603 656 668 At
676 595 783 664 ille
802 614 868 664 ut
890 593 1149 666 dextera
1170 595 1380 666 ovilla!
1403 592 1660 666 frustum
1680 592 1937 664 tenebat
1960 652 1974 674 ‚
2015 592 2352 670 fortiffime
2388 602 2456 672 in

431 702 655 768 oculos
679 694 835 764 nihil
859 696 983 762 tale
1005 696 1349 792 cogitantis
1373 698 1662 792 impegit.
1724 694 2120 764 Perturbatus
2138 748 2162 784 ,
2208 706 2272 770 &
2302 728 2466 796 prae-

429 818 529 866 ter
569 816 913 864 commune
949 794 1189 880 injuriae
1207 792 1478 864 dedecus
1502 790 1774 890 perfusus
1792 820 2042 892 quoque
2066 800 2464 886 verecundia,

431 892 603 990 quod
625 892 959 988 indignum
983 916 1305 964 certamen
1329 892 1490 964 mihi
1514 920 1660 965 cum
1696 920 1904 992 coquo
1940 894 2282 984 judicarem
2308 946 2326 978 ‚
2368 926 2468 970 re·-

431 1012 629 1090 pente
665 990 1069 1064 multitudine
1091 994 1383 1090 incingor
1405 1040 1423 1070 ,
1464 990 2004 1092 interrogatusque
2024 1020 2174 1066 num
2196 998 2262 1066 in
2282 1022 2354 1066 ea
2374 1000 2470 1068 ci·-

433 1092 634 1162 vitate
675 1088 1039 1162 habitassem
1061 1139 1081 1172 ,
1137 1090 1551 1188 posteaquam
1576 1118 1681 1162 me
1700 1118 2024 1164 externum
2064 1094 2464 1180 confirmavi,

432 1190 825 1290 gravioribus
845 1190 1103 1287 quidem
1129 1194 1343 1286 poenis
1363 1214 1614 1288 ereptus
1632 1190 1791 1264 sum:
1810 1216 2108 1264 caeterum
2132 1190 2466 1266 severitate

433 1288 773 1362 verborum
793 1314 919 1358 non
941 1286 1373 1382 perfunetorie
1395 1294 1750 1388 castigatus·
1806 1294 1924 1362 Ille
1942 1316 2152 1364 autem
2174 1320 2302 1364 non
2326 1322 2472 1364 mo-

423 1388 587 1460 dico
617 1384 775 1460 fastu
793 1388 1053 1460 ovillam
1073 1386 1239 1460 suam
1267 1392 1558 1486 quatiens
1580 1442 1604 1478 ,
1638 1418 1750 1490 per
1772 1392 2142 1462 adorantem
2164 1396 2474 1490 populum

441 1512 637 1586 vagus
660 1544 679 1572 ,
717 1488 979 1560 tandem
1015 1492 1155 1558 olus
1177 1490 1373 1562 etiam
1399 1514 1714 1564 mercatus
1738 1494 2030 1590 implevit
2048 1494 2346 1566 laciniam
2366 1520 2478 1566 ve*-

437 1584 547 1658 stis
571 1636 593 1670 ,
629 1584 817 1686 seque
851 1588 917 1658 in
957 1584 1253 1686 [capham
1275 1592 1560 1682 conjecit
1580 1640 1600 1672 ,
1648 1620 1840 1690 quam
1859 1594 1924 1662 in
1942 1594 2238 1688 proximo
2256 1595 2489 1692 religa-2

443 1708 671 1760 verant
707 1708 937 1758 nautae.
989 1692 1135 1786 Ego
1173 1714 1279 1760 me
1303 1692 1371 1760 in
1389 1690 1803 1762 diversorium
1826 1692 2246 1764 turbatislima
2266 1716 2488 1764 mente

441 1812 589 1860 rece
639 1788 699 1866 i,
759 1785 1111 1885 stabulique
1147 1788 1480 1860 dominum
1514 1792 1772 1884 rogavi,
1812 1816 1962 1858 num
2008 1792 2074 1858 in
2098 1792 2204 1858 illa
2220 1792 2490 1862 civitate

443 1912 571 1984 prae
607 1888 735 1958 effi
769 1888 1113 1958 culinarum
1151 1888 1580 1978 imperarent?
1620 1886 1842 1976 agnito
1876 1886 2218 1952 illeerrore
2242 1888 2480 1956 intem-

441 2006 737 2080 peranter
755 1986 883 2054 risit
903 2028 923 2062 2
967 1992 1033 2054 &
1053 2036 1073 2064 ‚
1115 1988 1335 2060 Quem
1359 1984 1522 2048 inter
1536 1978 1992 2068 abjefflffimos
2014 2004 2302 2052 numeras
2320 2032 2342 2066 ‚
2370 1984 2474 2052 in-

435 2084 601 2174 quit,
627 2078 703 2148 ab
721 2080 967 2174 origine
989 2100 1167 2170 paene
1185 2074 1355 2170 ipsos
1381 2080 1566 2146 Deos
1590 2074 1894 2144 recenset.
1934 2078 2110 2146 Nam
2138 2078 2240 2148 hic
2264 2104 2473 2176 genus

334 2179 339 2185 ’
429 2178 777 2273 optimates
799 2174 1183 2269 profitentur
1199 2200 1331 2243 non
1357 2174 1726 2269 stipatorum
1750 2176 2112 2273 agminibus
2138 2225 2159 2257 ‚
2216 2200 2320 2247 aut
2360 2178 2474 2251 ha-

427 2273 565 2343 bitu
583 2273 661 2343 ad
687 2275 1037 2343 novitatem
1059 2275 1273 2343 mollis
1293 2275 1622 2371 elegantia:
1646 2275 2076 2355 corre&0‚sed
2100 2273 2472 2351 secularium

425 2371 695 2445 vestium
717 2369 1111 2451 constantia,
1153 2395 1219 2441 ut
1239 2375 1393 2443 tales
1418 2373 1828 2471 agnoscamus
1850 2425 1872 2457 ‚
1896 2377 2108 2471 quales
2129 2377 2240 2471 ipsi
2266 2383 2472 2467 majo-

425 2498 527 2545 res
565 2475 633 2543 in
663 2471 1049 2569 imaginibus
1087 2469 1468 2559 ostendunt3
1502 2473 1658 2541 adeo
1680 2473 2118 2547 consuetudini
2142 2475 2304 2571 apud
2324 2478 2470 2545 illos

431 2571 529 2643 est
567 2574 955 2643 reverentia:
1011 2595 1129 2643 nec
1163 2569 1207 2639 {i
1243 2571 1431 2641 bellis
1474 2569 1847 2643 attriviffent
1886 2573 2058 2643 orbis
2098 2599 2256 2667 opes
2288 2623 2312 2656 ‚
2364 2597 2468 2645 aut

433 2669 795 2767 triumphos
835 2671 1201 2741 invenirent
1237 2673 1315 2741 ad
1353 2675 1568 2741 luxum
1592 2705 1614 2761 3
1666 2693 1766 2741 aut
1814 2675 2202 2769 manipulare
2220 2667 2468 2743 foenum

429 2773 499 2841 in
525 2769 827 2865 Aquilam
847 2791 1185 2841 mutarent.
1243 2773 1574 2843 Caeterum
1602 2769 1846 2841 videbis
1872 2773 2132 2841 macella
2150 2795 2474 2867 pererran-

435 2891 531 2939 tes
555 2915 577 2951 ‚
621 2891 824 2963 neque
845 2869 949 2937 illa
970 2917 989 2947 ,
1029 2867 1105 2937 ad
1127 2893 1265 2963 quse
1287 2867 1648 2938 stomachus
1672 2869 2040 2939 connivebit
2060 2921 2082 2953 ‚
2136 2869 2338 2961 pudor
2374 2871 2470 2941 est

429 2967 509 3039 ad
533 2987 791 3065 penates
813 2967 1193 3039 nobilissima
1217 2991 1405 3037 manu
1425 2965 1686 3040 deferre.
1742 2971 1826 3039 Et
1850 2967 1946 3037 his
1972 2967 2242 3035 moribus
2266 2969 2470 3039 nostri

433 3067 699 3163 quidem
739 3065 985 3139 nobiles
1017 3091 1257 3136 nomen
1291 3067 1602 3137 libertatis
1628 3065 2006 3137 indiderunt.
2062 3063 2186 3135 Sed
2218 3069 2470 3145 externi

435 3165 853 3235 rusticitatem
875 3163 1143 3235 horrida:
1169 3167 1490 3237 vetustatis·
1512 3217 1530 3245 ,
1568 3167 1664 3235 vel
1684 3165 1984 3265 ignobilis
2010 3165 2472 3261 negotiationis

439 3261 707 3359 vestigia
725 3265 1123 3357 lepidiffimis
1141 3265 1301 3353 jocis
1325 3263 1656 3337 infamant.

545 3365 729 3431 Dum
765 3363 899 3433 haec
933 3363 1093 3435 mihi
1113 3361 1472 3433 stabularius
1494 3391 1570 3433 ex
1594 3359 1916 3431 diversorii
1939 3358 2210 3433 fenestra
2228 3389 2474 3435 memo-

443 3479 537 3529 rat
557 3509 581 3543 ‚
615 3483 871 3557 egoque
893 3463 957 3533 in
977 3461 1291 3553 subje&os
1315 3464 1490 3533 vicos
1512 3461 1758 3533 curiosis
1780 3465 1982 3531 oculis
2004 3489 2196 3563 vagor
2216 3513 2240 3547 ,
2258 3465 2475 3537 multa:

443 3553 687 3653 scaphae
727 3555 1153 3633 diverfiffimis
1195 3561 1556 3631 hominibus
1600 3565 1800 3659 plenae
1826 3589 1938 3657 per
1958 3565 2270 3661 angustias
2290 3587 2486 3655 cana-2

447 3659 601 3727 lium
627 3653 1019 3753 ferebantur3
1053 3685 1123 3731 ac
1151 3681 1213 3731 ut
1235 3655 1524 3759 publicos
1548 3685 1900 3733 conventus
1920 3665 2282 3743 crederem,
2322 3683 2470 3731 tunc

2329 3782 2472 3832 om·
