2738 4475
478 211 632 299 2234
770 215 784 230 ·
991 194 1495 269 Eumaeum,
1558 202 2067 273 Sar-vater

469 320 611 404 ste,
647 313 979 397 concedo,
1022 317 1174 391 dum
1213 314 1276 388 se
1303 315 1629 393 beneficia
1664 321 1957 418 accipere
1974 316 2278 402 fateatur,
2322 324 2530 400 &ina

464 420 866 524 dulgentiam
904 422 1168 517 Regum
1207 415 1455 491 adoret.
1508 422 1706 492 Nunc
1739 417 1858 491 suae
1873 416 2196 492 felicitatis
2218 420 2528 522 didigna-

464 541 571 594 tur
609 519 938 597 auctores,
977 524 1047 589 δι
1082 517 1378 590 cumillis
1399 514 1566 589 suam
1585 516 1942 618 superbiam
1959 518 2517 620 ingratiffimalite

463 617 846 694 committit.
900 616 1106 688 Certe
1142 616 1323 716 leges
1357 615 1546 689 audio
1560 616 1686 691 ess'e
1705 665 1729 701 ,
1763 644 1905 717 quae
1926 643 2042 692 vos
2059 620 2380 718 implicari
2397 646 2508 693 ve-

460 739 605 792 tent
633 710 1037 813 profanarum
1055 739 1265 788 rerum
1284 717 1470 814 nugis
1497 742 1519 798 ς
1553 742 1634 788 ne
1651 720 1900 790 animos
1920 765 1944 802 ‚
1976 742 2138 816 quos
2156 744 2379 793 vacare
2396 747 2517 795 nu-

454 814 739 893 minibus
756 835 1048 911 oportet,
1068 814 1351 913 indignae
1379 812 1810 889 solicitudines
1827 816 2146 889 deducant
2158 819 2230 893 in
2246 839 2508 894 terram.

457 920 482 955 ¹
501 915 634 992 Sed
665 922 734 989 δε
771 915 1117 1013 Byzantios
1137 908 1426 984 tonsores
1454 961 1478 998 ,
1521 913 1763 989 srdomi
1779 918 2155 988 novaculam
2173 916 2514 1009 haberent,

455 1018 562 1089 lex
598 1013 854 1115 publica
873 1010 1148 1087 ·volebat
1176 1012 1511 1099 mulstari,
1547 1022 1617 1087 &
1658 1013 1889 1090 Rhodi
1926 1014 2201 1088 luxuries
2220 1020 2515 1094 tonden-

453 1117 622 1190 tium
656 1135 845 1213 caput
878 1111 1363 1210 magistratuum
1398 1135 1714 1184 meruerat
1748 1116 1978 1190 minas.
2031 1117 2268 1189 Nullus
2287 1138 2519 1195 tamen

450 1210 743 1289 tonsores
779 1210 1126 1312 castigabat
1155 1210 1425 1310 impune
1459 1237 1576 1311 pro
1611 1207 1852 1286 foribus
1871 1217 2249 1288 novaculam
2267 1214 2525 1292 baben-

455 1334 558 1388 tes
579 1358 605 1396 ,
640 1320 708 1387 δι
747 1310 1000 1387 Rhodii
1033 1309 1439 1387 invenustum
1476 1312 1782 1410 putabant
1803 1315 1916 1415 qui
1939 1339 2074 1388 non
2089 1315 2517 1395 commiserat

458 1413 789 1514 inlegem.
1556 1438 1562 1451 ·

554 1518 734 1587 Cum
771 1511 909 1584 haec
944 1506 1231 1586 dicerem
1256 1558 1282 1597 ,
1310 1510 1742 1588 'animadverti
1780 1541 1889 1589 me
1923 1517 2151 1618 aegrius
2189 1515 2229 1589 a
2263 1515 2515 1592 Theo-i

455 1609 719 1715 phrasto
757 1608 983 1686 a‘t'idiri.
1034 1612 1309 1713 Qippe
1346 1634 1658 1713 quantum
1694 1614 1811 1689 fibi
1841 1617 1926 1690 de
1940 1618 2113 1692 vitiis
2131 1615 2515 1716 permiserat

331 1748 336 1759 =
449 1714 670 1814 loqui,
704 1731 958 1786 tantum
999 1737 1116 1810 pro
1146 1708 1461 1785 sociorum
1480 1714 1857 1787 auetoritate
1879 1718 2211 1815 pugnavit.
2266 1720 2359 1791 Et
2374 1715 2514 1792 for-

452 1812 607 1887 tasse
645 1836 859 1887 meam
898 1807 1279 1884 sententiam
1318 1808 1640 1881 soliditate
1676 1835 2197 1908 argumentorum
2233 1812 2512 1918 frange-

451 1912 598 1997 bat,
640 1917 710 1985 δὲ
743 1907 1058 2002 ejusmodi
1099 1929 1414 2004 praecepta
1451 1931 1532 1977 ex
1568 1904 1893 2002 sapientiae
1920 1905 2102 1978 fonte
2118 1907 2319 1982 effusa
2335 1916 2513 1987 mihi

399 2084 404 2085 ff
449 2013 636 2083 altius
657 2003 1021 2079 insedissent
1038 2049 1060 2083 ,
1079 2002 1193 2073 nifi
1214 2027 1372 2072 uxor
1390 2003 1753 2073 Artemonis
1769 1999 2058 2074 astitiffet
2076 2005 2298 2074 animo
2319 2033 2506 2091 meo,

448 2115 520 2179 δι
558 2102 826 2203 epistola
848 2123 980 2171 tam
1020 2096 1311 2196 precioso
1344 2098 1580 2169 amoris
1600 2100 1873 2199 pignore
1890 2100 2314 2173 caelatanovis
2330 2101 2513 2177 ludi-

445 2202 597 2277 briis
629 2194 992 2296 occupaffet
1030 2221 1292 2272 vacuam
1325 2217 1636 2271 mentem.
1694 2206 1924 2298 ltaque
1959 2196 2379 2301 posteaquam
2422 2203 2518 2278 de

443 2327 619 2377 caena
660 2295 1056 2373 discessimus
1078 2341 1101 2376 ,
1136 2321 1267 2399 ego
1302 2322 1449 2370 cum
1466 2298 1689 2398 vigilia
1704 2319 1995 2374 curarum
2019 2323 2382 2402 provocato
2411 2300 2528 2377 so-

446 2427 606 2503 pore
641 2400 916 2472 certavit
961 2419 1261 2471 caeterum
1278 2418 1419 2469 tota
1436 2401 1634 2470 noete
1654 2399 2045 2498 inquietatus
2066 2447 2090 2484 ,
2122 2421 2193 2471 ut
2213 2402 2528 2501 prim-um

443 2502 543 2577 sol
589 2501 763 2575 diem
798 2497 1116 2579 reddidit,
1170 2497 1251 2570 ad
1287 2499 1585 2571 Fortunae
1608 2501 1930 2599 templum
1945 2499 2239 2587 ascendi,
2278 2501 2523 2604 ibique

446 2604 634 2702 coepi
662 2601 1004 2700 expectare
1041 2596 1489 2672 codicillorum
1524 2594 1769 2683 fidem,
1819 2601 1935 2700 qui
1969 2625 2077 2676 me
2103 2599 2254 2673 illuc
2271 2626 2518 2678 evoca·

449 2705 624 2777 bant.

544 2800 756 2900 Igitur
791 2795 1305 2896 perambulabam
1325 2790 1541 2870 fanum
1559 2854 1580 2883 ,
1623 2806 1694 2873 δε
1714 2822 1884 2872 nunc
1903 2799 2123 2900 primis
2142 2798 2518 2898 porticibus

447 2925 685 3000 vagus,
746 2922 915 2968 nunc
962 2900 1028 2968 in
1066 2893 1199 2994 ipsa
1232 2894 1551 2969 testudine
1584 2898 1897 2998 religiosis
1933 2897 2201 2996 passibus
2236 2903 2467 2995 gravis
2490 2952 2521 2989 ,

445 3000 682 3101 ubique
701 3022 814 3070 me
830 2999 1120 3070 venalem
1141 2995 1696 3070 circumducebam
1712 3042 1738 3078 ,
1759 3011 1903 3069 cum
1924 2997 2254 3068 mulierem
2271 2996 2523 3090 video,

450 3127 593 3202 quae
627 3096 830 3200 pridie
868 3096 1207 3182 codicillos
1229 3096 1527 3170 attulerat
1544 3142 1568 3178 ,
1608 3097 1674 3167 in
1696 3120 1770 3167 ea
1788 3097 2014 3192 templi
2008 3117 2216 3264 sparte
2237 3153 2261 3182 ‚
2281 3096 2360 3170 in
2379 3127 2527 3202 qua

448 3203 667 3274 minor
701 3194 1055 3297 frequentia
1088 3216 1221 3267 erat
1239 3253 1261 3279 ‚
1300 3197 1485 3268 omni
1520 3192 1698 3295 gestu
1716 3192 1871 3264 deos
1890 3193 2005 3265 dea
2033 3219 2158 3294 que
2178 3204 2527 3279 venerari.

451 3301 606 3395 Ego
625 3298 825 3369 veluti
840 3316 1084 3370 temere
1100 3294 1340 3366 accedo
1356 3351 1379 3381 ‚
1402 3293 1734 3394 politoque
1757 3293 1992 3390 pariter
2003 3319 2202 3395 genu,
2218 3294 2531 3399 usquene

446 3393 731 3492 yaluiffet
754 3449 776 3485 ,
801 3392 1269 3469 modestiffimo
1288 3417 1604 3468 murmure
1620 3394 2035 3494 interrogavi.
2092 3396 2221 3467 Illa
2237 3422 2527 3503 quoque

2345 3504 2530 3576 mihi

521 3654 547 3691 π
584 3636 670 3689 Sed
694 3644 759 3694 Ο·
795 3641 1019 3704 &mdes
1045 3641 1257 3708 roesam,
1279 3640 1452 3708 βάσκ’
1505 3655 1610 3693 rum
1645 3642 1697 3694 δι
1727 3639 2025 3696 Rhodiorum
2038 3639 2399 3701 &deridicula
2412 3650 2528 3719 φῆ.

445 3704 691 3762 'uoaaeaaelm
717 3707 917 3758 baberent
934 3742 952 3768 ,
994 3716 1067 3762 Iex
1091 3713 1258 3778 publica
1281 3711 1448 3762 volebat
1506 3712 1617 3765 dem
1634 3742 1658 3774 2
1671 3713 1723 3766 δε
1741 3708 1850 3766 fitis
1866 3714 2108 3784 neglesstq

446 3777 695 3848 quiana]
712 3779 821 3828 Haec
835 3779 886 3830 δι
901 3779 999 3831 alia
1013 3781 1138 3852 leges
1153 3780 1443 3854 Byzantimf

2294 3864 2325 3905 x
2356 3855 2532 3926 ,Qum
