2738 4475
896 162 1392 239 Pana
1521 167 1630 237 11.
2113 169 2250 264 263

226 299 578 397 quaererem
615 308 865 382 ratem5
899 295 1068 370 forte
1106 320 1263 369 unns
1301 320 1383 367 ex
1415 295 1754 370 Thebanis
1777 295 1844 366 in
1867 293 2089 366 eadem
2112 295 2261 369 urbe

222 418 350 470 erat
366 442 396 479 ,-
432 395 875 496 pinguiffimus
896 396 1100 471 homo
1119 439 1144 474 2
1180 397 1487 494 vultuque
1503 397 1662 493 regii
1685 397 1921 466 colotis
1939 447 1963 481 ,
1986 406 2053 469 δι
2078 393 2263 466 semi-

220 497 461 571 nudum
481 499 743 569 ca=1vitie
760 514 949 593 caput
967 496 1296 570 ostentans
1317 543 1342 579 ,
1364 496 1630 566 nomine
1646 490 2037 579 TrifartituS.
2094 495 2267 566 ls-ab

222 597 507 694 Aquilio
522 592 1123 669 aaTeffaranaecum
1143 597 1210 665 in
1232 592 2286 668 scolimorrhodiammittebatun-

224 719 303 765 ac
324 716 392 766 ut
415 691 582 767 forte
597 699 664 768 in
681 695 908 767 eodem
930 691 1281 768 diversorio
1297 689 1610 766 {iteramus
1631 750 1654 780 ,
1677 720 1783 766 me
1796 718 2054 793 quoque
2075 695 2262 765 inin-

215 791 533 865 struCtum
575 797 887 893 navigium
925 793 1378 891 benignisfime
1400 795 1662 865 induxit.
1730 799 2056 865 Caeterum
2076 795 2252 865 idem

165 906 175 917 '
217 891 467 989 stupor,
493 899 593 991 qui
613 897 645 964 Ξὶ
667 895 1009 965 subtilitate
1033 897 1435 991 ingeniorum
1457 895 1812 963 Thebanos
1836 893 2114 963 excludit
2138 941 2156 973 ‚
2180 893 2262 963 ab

211 993 586 1091 ingentibus
611 1021 867 1091 quoque
889 997 1059 1063 vitiis
1083 993 1398 1089 prohibet.
1458 991 1648 1064 Nihil
1676 991 1917 1063 facilius
1942 993 2018 1063 ad
2042 995 2262 1063 annici-

209 1091 371 1161 tiam
395 1093 549 1163 vidi:
573 1091 899 1189 fidemque
919 1095 1085 1163 inter
1101 1097 1245 1163 vina
1264 1091 1562 1161 sancitam
1592 1095 1766 1161 velut
1785 1115 2135 1163 extremam
2160 1117 2264 1162 re-

209 1191 539 1287 ligionem
585 1221 715 1263 non
759 1195 1023 1263 violant.
1077 1197 1227 1291 Ego
1260 1195 1428 1261 inter
1462 1191 1886 1261 adulationum
1926 1191 2262 1289 magistros

205 1289 569 1363 diutissime
589 1287 885 1373 versatus,
903 1291 1113 1361 statim
1135 1297 1458 1359 incautum
1480 1293 1780 1387 occupavi
1800 1291 2270 1369 blanditiisdn-

201 1409 607 1483 tentumque
641 1385 763 1457 suis*
795 1391 1075 1459 laudibus
1117 1389 1195 1457 ad
1229 1389 1574 1457 amicitiam
1610 1393 1916 1487 compuli.
1966 1391 2096 1461 Sed
2116 1415 2260 1459 cum

199 1489 347 1579 jam
393 1483 851 1581 inconspeetu
875 1487 1420 1559 Scolimorrhodia
1440 1487 1626 1569 esset,
1658 1489 1826 1559 lacus
1848 1487 2268 1585 nigrescenti-

203 1587 337 1653 bus
365 1583 559 1651 undis
577 1583 901 1665 intumuit,
923 1583 1266 1681 subitaeque
1286 1585 1478 1655 nubes
1498 1587 1856 1681 eripuerunt
1876 1590 2114 1655 coelum
2140 1611 2270 1657 tre-

205 1681 559 1755 mentibus
599 1685 817 1755 nautiS.
879 1691 1117 1779 Neque
1149 1683 1508 1779 tempestati
1552 1685 1776 1753 modus
1810 1681 1966 1767 suiv,
2012 1695 2072 1755 ὅ(
2110 1687 2268 1769 iam,

203 1781 429 1856 veluti
473 1783 791 1851 continuis
823 1785 999 1879 aquis
1021 1833 1041 1865 ,
1081 1807 1223 1853 cum
1245 1783 1506 1853 nubibus
1528 1785 1808 1853 coiverat
1830 1785 2018 1855 lacus.
2072 1783 2268 1853 Haud

205 1907 436 1959 mora,
465 1879 659 1949 securi
683 1883 1067 1977 percutimus
1089 1885 1320 1951 malum
1340 1939 1360 1965 ‚
1390 1891 1452 1951 δι
1478 1885 1694 1951 omnia
1716 1885 1850 1951 vela
1868 1881 2268 1951 subducimus

209 1977 579 2051 furentibus
623 1981 849 2049 ventis.
907 1987 1045 2049 Iam
1085 1983 1296 2049 clavus
1338 2007 1464 2051 non
1500 1981 1866 2077 sequebatur
1904 1981 2272 2059 ducentem,

213 2081 345 2171 jam
391 2083 597 2149 latera
617 2079 979 2149 laxabantur
999 2079 1071 2149 ad
1095 2079 1322 2149 fluetus
1348 2135 1368 2162 ,
1406 2107 1548 2149 cum
1570 2083 1814 2177 ingenti
1844 2081 1996 2149 flatu
2020 2083 2086 2151 in
2108 2083 2272 2177 Sep-

213 2181 621 2249 tentrionem
643 2177 941 2275 propulsi,
951 2181 1077 2269 jam
1101 2203 1217 2249 nec
1239 2177 1498 2249 salutem
1520 2181 1776 2275 quidem
1798 2181 2268 2267 invocaremus.

319 2277 675 2362 Thebani,
713 2277 1013 2376 quicquid
1047 2279 1113 2348 in
1137 2299 1334 2350 ratem
1352 2301 1934 2376 comportaverant,
1960 2280 2034 2348 ad
2060 2301 2264 2350 certa-

215 2402 369 2452 men
407 2378 807 2474 perdebant;
849 2380 1161 2476 veritique
1203 2404 1282 2448 ne
1302 2380 1584 2474 pondera
1604 2380 1988 2448 deducerent
2012 2402 2270 2458 navem,

219 2478 299 2546 ad
333 2480 639 2548 ultimum
677 2478 869 2574 patrii
885 2478 1017 2548 vini
1035 2478 1223 2546 cados
1243 2480 1412 2546 inter
1432 2474 1812 2546 miserabiles
1834 2478 2096 2564 ejulatus
2118 2472 2280 2542 effu-

223 2576 449 2646 derunt
471 2580 559 2646 in
593 2574 845 2648 fluetus.
901 2576 1324 2670 Qatriduum
1364 2570 1672 2672 naufragii
1712 2576 1912 2643 minas
1934 2570 2274 2668 tempestas

225 2676 385 2744 irata
401 2676 745 2772 protraxit.
781 2676 1029 2758 Quinta
1047 2678 1185 2746 luce
1201 2676 1570 2772 interruptis
1594 2672 1858 2744 nubibus
1882 2674 2112 2742 enituit
2136 2698 2278 2742 coe-

229 2776 363 2842 lum
385 2824 407 2858 ,
451 2776 747 2872 praelium
803 2800 879 2844 ue
913 2774 1213 2848 undarum
1249 2774 1556 2846 extremis
1592 2770 1946 2844 fremitibus
1968 2772 2276 2870 elanguit.

229 2872 677 2970 Interrogabat
693 2901 777 2974 gu
823 2896 1183 2944 ernatorem
1209 2870 1691 2952 Trifartitus‚an
1714 2870 1999 2970 syderum
2022 2898 2276 2942 memo-

233 2972 391 3042 riam
411 2972 731 3054 servaret‚
767 2980 831 3042 δέ
857 2972 1155 3044 astrorum
1203 2976 1452 3044 indiciis
1488 2972 1684 3070 posset
1708 2974 1780 3042 ad
1803 2974 2082 3068 regionis
2108 2970 2282 3038 noti-

235 3070 775 3166 tiam-pervenire.
805 3076 923 3142 llle
943 3074 1237 3172 gravibus
1262 3072 1528 3170 suspiriis
1552 3074 1960 3140 cunetantem
1996 3064 2284 3162 persecu-

245 3186 347 3236 tus
371 3212 391 3246 2
435 3168 683 3240 silentio
703 3172 1039 3242 damnabat
1057 3172 1223 3242 suam
1247 3196 1444 3240 artem
1468 3222 1491 3254 ‚
1538 3180 1596 3240 δε
1628 3164 1880 3238 confusa
1902 3166 2122 3234 omnia
2142 3189 2304 3234 coe-·

241 3266 287 3334 li
331 3288 643 3364 terraeque
659 3294 1027 3370 argumenta
1045 3270 1498 3342 confitebatur.
1546 3266 1848 3338 Tandem
1868 3262 2282 3336 evanescente

245 3388 421 3434 metu
441 3416 463 3446 ‚
505 3364 639 3464 ipse
661 3374 901 3441 nautica
925 3396 1035 3440 acu
1053 3372 1278 3442 doetus
1304 3368 1678 3464 proclamat,
1702 3362 1860 3432 nihil
1882 3388 2156 3459 unquam
2176 3364 2282 3432 illa

245 3466 625 3560 tempestate
645 3468 983 3568 benignius
1003 3466 1177 3540 fuisse
1201 3518 1219 3550 ‚
1260 3478 1320 3538 δι’
1350 3468 1654 3566 quoniam
1678 3486 1902 3536 ventus
1924 3464 2280 3534 Scolimor—

243 3560 533 3636 rhodiam
555 3590 687 3638 non
713 3570 973 3640 dederat
993 3616 1015 3648 ‚
1057 3566 1276 3640 saltem
1316 3564 1378 3636 se
1418 3570 1482 3636 in
1504 3564 1774 3664 patriam
1798 3558 2158 3634 feliciffimo
2184 3588 2288 3634 er-

245 3686 391 3734 rore
413 3668 803 3762 compulsos.

1318 3766 1382 3836 R
1438 3786 1486 3854 4
2149 3762 2296 3855 Jam
