2738 4475
880 260 956 336 Ρ.
1038 282 1110 334 Α·
1177 273 1246 337 R
1344 285 1387 335 s
1482 266 1636 342 IV.

2120 273 2272 381 '549

218 389 456 475 ‘rentest
476 385 738 463 &hunc
755 382 1016 488 demum
1038 375 1293 470 virilem
1312 385 1602 460 animum
1636 392 1704 459 &
1743 386 2088 462 nobilitate
2120 396 2279 494 dig...

119 523 122 526 ·
226 495 377 566 nuth
395 486 808 568 existiment,
850 489 962 587 qui
999 479 1215 559 Musas
1248 508 1526 572 omnes,
1582 508 1653 558 ut
1687 487 1847 562 viles
1874 491 2269 593 ineptasque,

2103 590 2239 664 refu
2254 636 2278 647 -

230 705 333 743 mus
362 687 563 740 seientia
591 702 692 738 non
720 685 877 737 mittut
891 701 1033 756 quam
1049 686 1212 739 omina
1277 702 1395 737 nem
1412 718 1429 744 ‚
1458 698 1597 756 atque
1622 701 1763 756 opera
1788 687 2096 756 providentia
2108 691 2278 747 divina

230 759 383 811 noster
398 774 551 809 rerum
566 755 722 807 avidus
741 754 993 813 ‚acfitiens
1007 790 1025 815 ,
1056 757 1107 805 δι
1128 757 1201 805 in·
1283 757 1517 806 intueatur
1537 790 1553 815 ,
1596 769 1707 807 tunc
1735 754 1990 810 secundum
2022 763 2276 813 Poetarum

230 827 320 879 stat
373 826 544 893 speculi
582 825 800 877 omnium
843 840 999 877 rerum
1043 839 1196 893 capax.
1283 823 1634 894 mythologiam
1674 824 1812 876 facile
1854 825 1940 878 fibi
1985 826 2278 896 persuadebit

230 896 376 975 Qud
404 893 932 1013 fitantaestangfilitudo
946 906 1106 961 captus
1124 894 1200 944 bu·
1281 888 1519 944 summum
1562 897 1786 945 naturalis
1827 910 1903 945 cat

229 980 357 1017 mant
374 996 394 1023 ,
415 961 705 1013 manifestum
802 996 817 1018 ,
834 963 1014 1013 nullum
1029 958 1118 1013 effe
1189 990 1210 1000 ·

159 1039 162 1042 '
228 1034 428 1084 ticulum
444 1028 796 1082 inscientiamm
809 1045 888 1082 aut
904 1033 1075 1082 artium
1089 1032 1126 1081 li
1195 1056 1211 1066 ·

228 1103 396 1153 ralium
410 1101 613 1157 cumulo,
629 1114 734 1150 utut
748 1097 944 1151 diffusus
957 1099 1127 1158 fuerit,
1148 1115 1210 1150 ne

232 1182 309 1221 aut
322 1183 553 1220 tumorem
569 1167 760 1222 inducat
777 1201 793 1226 ,
807 1182 888 1218 aut
900 1166 1120 1219 excessum
1138 1184 1213 1219 te-

225 1239 700 1376 wiffam
717 1234 1216 1385 ezram&

228 1385 336 1436 tur,
365 1389 504 1444 atque
531 1392 615 1426 eos
647 1387 741 1426 tres
758 1390 991 1427 maxime:
1031 1377 1215 1427 Primus

229 1439 294 1492 est
309 1476 326 1501 ,
341 1459 406 1494 ne
420 1447 488 1494 ita
501 1443 725 1494 foelicitas
741 1444 996 1493 collocetur
1010 1445 1061 1493 in
1075 1440 1222 1492 seien-

228 1512 330 1571 tia,
354 1526 407 1562 ut
436 1513 638 1563 interim
666 1512 972 1560 mortalitatis
1007 1508 1219 1576 subrepat

230 1577 438 1630 oblivio.
485 1597 535 1633 2.
551 1595 614 1628 ne
627 1577 687 1627 fic
699 1590 831 1626 utare
845 1575 1055 1634 scientia,
1071 1592 1122 1628 ut
1137 1594 1221 1627 an·

227 1647 455 1697 nietatem
470 1649 620 1713 pariat
633 1677 659 1706 ‚
686 1652 913 1695 nonveto
927 1645 1077 1696 animi
1091 1660 1220 1696 tran·

227 1714 552 1780 quillitaaeems
673 1715 678 1720 '
709 1707 1092 1781 quamascientia
1104 1715 1221 1786 quid

228 1779 380 1848 potest
407 1728 766 1849 ptofieifflon
790 1782 1060 1843 jucundum.
1095 1798 1144 1850 3.
1164 1800 1224 1837 ne

227 1851 333 1917 quia
361 1864 492 1917 putet
521 1846 566 1899 se
578 1845 706 1917 posse
720 1865 803 1916 per
818 1864 988 1902 naturae
1002 1867 1222 1904 contem-

220 1919 490 1985 plationem
517 1917 683 1971 divina
708 1934 758 1967 tn
792 1916 924 1969 steria
949 1917 1154 1989 assequi,
1183 1920 1217 1973 fi

220 1987 328 2056 quis
357 1989 489 2037 enim
503 2002 727 2037 exterum
762 1984 1025 2038 eufibilium
1041 1990 1223 2044 intuitu

222 2068 410 2106 tantum
423 2055 620 2105 luminis
635 2051 785 2122 speret
801 2052 1020 2123 consequi
1034 2090 1056 2116 ,
1070 2073 1216 2126 quan.

222 2136 326 2175 tum
343 2124 401 2175 ad
431 2121 731 2175 revelandam
749 2123 844 2173 Dei
856 2121 1118 2174 absconditi
1133 2140 1218 2175 na-

135 2256 136 2259 *
221 2189 1217 2340 fflfffiissispssssussff⁶nssiiiffigif

219 2333 469 2400 templario
480 2342 698 2380 ereatura
712 2363 727 2388 ,
757 2344 990 2396 quantum
1002 2329 1058 2379 ad
1076 2345 1204 2380 crea-

223 2412 382 2452 turam
413 2411 540 2465 paret
567 2396 808 2449 seientiam
821 2410 850 2453 3.
887 2412 1119 2466 quantum
1148 2398 1208 2448 ad

227 2471 415 2525 Deum,
443 2466 843 2521 admirationem3
875 2483 972 2533 qua:
1003 2465 1209 2534 estquafi

220 2534 425 2587 abstrusa
438 2533 643 2585 scientia.
692 2532 834 2585 unde
847 2534 1036 2600 quidam
1053 2537 1211 2584 Plato-

217 2606 358 2655 nicus
399 2606 635 2654 immanes
675 2597 829 2651 sensus
872 2598 1020 2654 solem
1048 2600 1215 2653 referre

223 2670 399 2727 docet,
426 2672 511 2738 qui
538 2667 727 2736 quidem
756 2671 925 2718 revelat
953 2668 1211 2721 terrestrem

219 2736 426 2805 globum
445 2759 460 2795 ς
474 2734 713 2787 coelestem
726 2750 860 2795 vero,
877 2739 928 2786 δι
942 2736 1092 2788 stellas
1120 2737 1211 2787 ob·

227 2805 410 2875 lignat:
445 2804 506 2855 fic
530 2805 663 2855 enirn
692 2801 846 2855 sensus
861 2803 1061 2855 reserant
1075 2818 1216 2857 natu·

218 2877 342 2927 talia
357 2906 379 2935 ,
406 2874 571 2926 divina
599 2873 867 2924 occludunt.
918 2879 1075 2942 Atque
1104 2873 1216 2925 hinc

214 2946 385 3064 {egat
410 2937 718 3063 nqnnfrllogss}
731 2940 1003 3061 doffuiorum
1018 2958 1147 3061 ερειίς
1164 2944 1214 2993 in

380 3030 429 3064 m
556 3026 614 3062 oa
705 3027 759 3068 e,
862 3027 912 3061 m
939 3027 1083 3061 cereis
1133 3028 1213 3062 en·

153 3070 162 3078 ⁶
218 3079 354 3134 fisum
387 3082 474 3132 alis
523 3078 683 3130 ubnixi
725 3077 786 3129 ad
807 3079 985 3132 ‘divina
1026 3082 1214 3133 evolare

217 3149 581 3201 contenderent.
650 3153 797 3201 Porro
825 3146 861 3199 fi
889 3151 1016 3200 leves
1056 3147 1212 3217 gustus

214 3215 419 3269 scientia
434 3228 630 3269 movent
646 3249 663 3274 ,
695 3231 1035 3285 nonnunquam
1050 3217 1209 3267 candi-

213 3286 359 3336 datos
388 3282 511 3351 ipsos
539 3286 591 3335 in
615 3282 890 3335 atheismum
906 3301 925 3341 3
958 3283 1036 3335 sed
1050 3298 1215 3345 tamen

218 3354 463 3423 pleniores
492 3351 674 3404 haustus
701 3352 759 3403 ad
774 3355 1048 3420 religionem
1065 3354 1213 3404 addu-

217 3434 360 3474 cunt.
411 3425 543 3471 Dum
569 3421 700 3470 enim
724 3418 926 3473 secunde
953 3418 1091 3472 cauli:
1105 3436 1212 3472 tan-

2045 899 2275 951 annulum

1278 961 1385 1029 pedi
1416 959 1501 1013 soli
1537 963 1670 1029 Jovia
1698 964 1910 1031 appendi.
2016 978 2038 1014 t
2064 969 2196 1017 enim
2227 984 2278 1018 e-

1279 1032 1505 1081 molliunt
1536 1031 1726 1082 animoa
1757 1030 1906 1083 studia
1936 1032 2016 1083 illa
2028 1035 2275 1097 litteraria,

1276 1099 1327 1149 δι
1363 1100 1561 1150 militari
1587 1099 1768 1166 pulveri
1800 1102 2068 1169 colligendo
2083 1104 2272 1172 inepto·

1275 1166 1486 1220 efficiunt
1506 1185 1520 1217 ε
1548 1168 1775 1219 varietate
1786 1169 2049 1223 ultionum
2064 1188 2277 1224 cottum-

1277 1251 1449 1303 puntur
1469 1236 1678 1303 ingenia,
1693 1251 1968 1290 enervantur
1981 1241 2089 1291 otio
2105 1275 2128 1304 ,
2141 1237 2281 1291 disci·

1277 1307 1419 1372 plina
1445 1306 1597 1357 civilis
1614 1305 1838 1356 relaxatio
1852 1307 2112 1361 inducitur:
2148 1309 2276 1362 unde

1283 1377 1415 1423 Cato
1430 1371 1684 1424 Censorius
1697 1391 1804 1424 cum
1819 1376 2203 1438 iuventusRom.
2217 1378 2280 1429 ad

1286 1441 1584 1492 Carneadem
1612 1440 1945 1511 Philosophum
1974 1445 2054 1513 qui
2087 1461 2277 1498 venerat
2372 1448 2384 1461 “

1292 1514 1498 1562 Romam
1511 1512 1691 1579 legatus
1700 1544 1722 1571 ,
1733 1513 1995 1571 duloedina
2011 1527 2149 1582 atque
2163 1530 2269 1564 ma-

1286 1575 1444 1638 iestate
1474 1581 1576 1644 ejus
1603 1580 1888 1648 §loquentia
1916 1596 2048 1650 capta
2063 1583 2273 1650 undique

1282 1646 1785 1716 conflueret,ftequenti
1806 1653 1973 1702 Senatu
1989 1652 2150 1702 audior
2163 1649 2274 1708 fuit,

1285 1727 1337 1766 ut
1367 1715 1597 1781 expeditis
1644 1717 1848 1785 negotiis
1887 1716 2047 1785 primo
2084 1732 2276 1788 quoque

1284 1795 1500 1851 tempore
1512 1783 1806 1835 dimitterent
1822 1786 2067 1838 bominem
2081 1820 2099 1845 ,
2135 1803 2196 1838 ne
2207 1787 2279 1837 ci·-

1279 1853 1412 1904 vium
1428 1853 1616 1904 animos
1634 1849 1895 1915 fascinaret,
1910 1858 1959 1905 δι
1975 1871 2063 1906 nec
2074 1857 2276 1922 opinan-

1280 1917 1410 1971 tibus
1428 1953 1444 1978 ,
1459 1936 1649 1973 morum
1666 1953 1684 1977 ,
1699 1920 2179 1992 consuetudinumque
2193 1938 2278 1988 pa·

1276 1989 1475 2040 triatum
1503 1991 1818 2040 mutationem
1858 1991 2113 2042 induceret.
2179 1998 2270 2042 ve-

1284 2071 1393 2108 rum
1413 2058 1769 2109 criminationes
1798 2056 1903 2109 istas
1932 2062 2037 2127 quis
2068 2073 2168 2110 non
2196 2074 2274 2113 er-

1279 2124 1445 2187 plodat
1459 2158 1475 2180 ,
1510 2140 1618 2176 cum
1630 2125 1787 2176 videat
1802 2159 1818 2182 ,
1833 2125 2023 2178 eofilcm
2039 2126 2276 2185 homines,

1275 2191 1536 2260 eademque
1562 2205 1779 2259 tempora>
1804 2195 1856 2245 δε
1888 2210 2042 2247 tetum
2085 2193 2278 2249 bellica·

1276 2275 1383 2311 rum
1399 2261 1534 2311 laude
1549 2294 1566 2316 ,
1597 2263 1647 2312 δι
1662 2261 1953 2326 optimarum
1970 2264 2141 2315 attium
2159 2266 2269 2333 glo-

1272 2330 1341 2377 ria
1354 2325 1571 2378 floruisse.
1622 2329 1709 2378 sed
1734 2344 1789 2379 ex
1818 2328 2047 2381 immensa
2076 2333 2158 2382 illa
2186 2347 2268 2383 tor

1271 2397 1482 2447 virorum
1500 2394 1899 2449 illustriumtutba
1927 2399 2158 2465 prodeant
2192 2408 2271 2452 A.-

1271 2465 1491 2515 lexander
1508 2466 1587 2514 ille
1601 2480 1795 2531 magnus
1813 2467 1942 2517 orbis
1958 2467 2194 2528 domitor,
2212 2470 2265 2517 &c

1275 2533 1425 2598 Julius
1439 2530 1591 2583 Caesar
1612 2538 1957 2598 Imperatorum
1973 2534 2132 2593 decus,
2147 2550 2272 2600 quo-

1277 2616 1384 2651 rum
1415 2612 1571 2651 utrum
1676 2616 1776 2650 non
1792 2601 1928 2651 ardor
1944 2603 2025 2650 ille
2039 2603 2284 2655 Martiali»

1274 2667 1332 2719 ab
1358 2685 1524 2719 amore
1547 2670 1583 2719 li
1618 2669 1811 2719 eralium
1843 2670 2014 2720 artium
2056 2685 2271 2737 unquam

1274 2736 1463 2789 abduxit
1480 2756 1494 2786 t
1527 2738 1591 2786 ita
1606 2750 1657 2787 ut
1676 2736 1756 2786 iste
1772 2752 1873 2787 non
1888 2735 2044 2805 saepius
2059 2739 2271 2807 gladium

1277 2823 1420 2874 quam
1445 2812 1706 2856 Homerum
1732 2801 1864 2858 suum
1904 2808 2123 2858 tractaret
2139 2841 2155 2864 ,
2192 2809 2271 2858 hic

1277 2874 1668 2942 tam‘frequenter
1694 2877 1931 2926 calamum
1960 2891 2102 2944 quam
2123 2875 2274 2944 pilum

1278 2956 1545 3010 torqueret:
1580 2956 1659 2993 aut
1689 2939 1725 2991 fi
1740 2945 1943 3010 requirat
1960 2947 2119 3013 potius
2136 2946 2272 2995 litte-

1278 3024 1407 3060 ratos
1419 3011 1579 3068 vitos,
1608 3011 1751 3079 quiin
1768 3014 1918 3063 claros
1957 3019 2277 3080 imperatores

1275 3077 1519 3131 evaserunt
1531 3111 1552 3139 ,
1578 3094 1718 3147 quam
1739 3085 2048 3147 Imperatores
2066 3083 2144 3147 qui
2164 3086 2276 3131 Mu-

1277 3144 1345 3198 sas
1360 3162 1657 3203 amaverunt,
1677 3147 1836 3213 ptaesto
1853 3145 1957 3198 sunt
1974 3149 2277 3213 Epaminon.

1279 3215 1361 3265 das
1380 3215 1704 3273 Thebanur‚&
1724 3214 1987 3282 Xenophon
2007 3216 2274 3267 Athenien-

1278 3283 1334 3334 fis
1354 3308 1369 3344 ς
1387 3300 1587 3351 quonnn
1603 3284 1682 3333 ille
1701 3287 2032 3349 Spartanorum
2047 3299 2159 3349 opes
2175 3288 2275 3352 pri·

1280 3368 1384 3403 mus
1398 3353 1538 3420 fregit
1555 3387 1570 3411 ‚
1597 3352 1670 3401 hic
1697 3350 1755 3400 ad
1776 3350 2060 3403 eversionem
2077 3357 2276 3405 Monar-

1280 3421 1391 3471 chiae
1434 3418 1669 3471 Persarum
1706 3422 1883 3485 primus
1925 3423 2052 3472 viam
2087 3419 2265 3475 stravit.

289 3506 369 3542 am
384 3486 587 3541 senfibus
604 3488 821 3555 proxim:
835 3489 1047 3540 humana
1061 3491 1215 3541 menti
1282 3495 1429 3540 Porro
1455 3486 1538 3539 sub
1567 3487 1760 3539 eruditis
1790 3488 2073 3556 principibus
2119 3489 2285 3543 secula·

272 3558 320 3612 se
333 3560 579 3627 ingerunt,
604 3571 828 3624 mensque
841 3556 936 3624 ipsa
951 3558 1107 3610 inillis
1124 3560 1208 3609 Ιη-
1276 3554 1409 3608 fuisse
1427 3557 1630 3608 maxime
1643 3555 1842 3616 foelicia,
1864 3562 2037 3615 Nervae,
2055 3562 2278 3622 Traiani,

210 3643 309 3686 ret,
324 3642 470 3696 atque
484 3627 782 3681 immoratur,
794 3623 851 3677 fit
866 3641 1206 3696 nonnunquam

211 3713 270 3749 nt
289 3699 449 3765 primae
476 3691 622 3745 eausa
663 3690 870 3761 subrepat
898 3692 1098 3746 oblivio.
1161 3696 1208 3746 si

282 3768 321 3818 ia
335 3780 450 3817 vero
464 3763 659 3815 ulterius
673 3777 832 3829 pergat
844 3797 861 3822 ,
878 3760 1205 3830 causarumque

360 3834 579 3888 dentium
610 3830 820 3896 scriem,
854 3834 1211 3888 concatenatio·

1281 3626 1499 3681 Adriani,
1519 3625 1751 3674 Antonini
1769 3627 1860 3686 Pii,
1880 3628 2012 3677 Lucii
2025 3632 2270 3680 Commo-

1280 3695 1365 3751 di,
1395 3694 1562 3753 Marii,
1576 3690 1741 3760 Justini
1760 3692 2025 3763 Philosophi
2043 3728 2063 3756 ‚
2098 3698 2285 3766 Magni=

1279 3760 1530 3813 Theodofii
1543 3794 1560 3819 ,
1602 3762 1653 3809 δι
1682 3762 1883 3814 aliorum
1916 3769 2088 3831 imper.
2102 3780 2285 3832 megna-

1261 3854 1268 3859 ·
1281 3828 1555 3900 perhibent.
1583 3827 1711 3884 Istud
1726 3846 1836 3882 vero
1850 3848 2090 3889 armorum
2106 3866 2124 3891 2
2137 3834 2276 3883 litto-

1684 3903 1804 3955 Μαι
1840 3915 1867 3969 3
2101 3913 2298 3953 tantitas⁸⁴
