2738 4475
944 279 1691 358 PanslV.
2195 283 2325 384 381

276 403 541 482 stituunt
560 430 585 475 ι
630 404 830 475 Tunc
849 403 962 502 ipsi
980 428 1112 473 non
1132 400 1451 473 solemnes
1476 400 1680 471 modo
1698 399 1836 471 dies
1853 456 1874 485 ‚
1914 396 2021 473 sed
2059 409 2125 475 δι
2152 403 2340 480 fastos

278 511 450 608 (quis
474 504 761 598 credatl)
787 505 828 575 si
852 504 1069 575 sudum
1087 499 1183 572 est
1201 545 1222 581 ,
1262 502 1439 571 vario
1473 499 1628 569 ludo
1666 499 1733 570 in
1753 501 2065 599 proximis
2091 510 2334 605 campis

271 630 614 680 exercent:
672 604 922 675 nubilos
943 605 1008 673 in
1031 596 1393 673 diversoriis
1414 596 1785 672 oblectant:
1840 598 2092 698 prorsus
2133 627 2203 674 ut
2234 632 2332 677 ar-

274 706 472 779 tificia
502 706 864 803 impolitius
916 701 1190 773 habeant
1209 749 1232 785 ‚
1284 700 1524 796 quippe
1572 697 2025 796 discipulorum
2083 707 2331 800 peritiae

278 809 521 878 credita
540 854 564 891 ,
618 809 679 875 δι
712 828 935 875 eorum
973 802 1418 896 redemptores
1440 801 1873 870 contumacius
1894 825 1967 871 ur
2013 826 2235 875 eantur
2251 804 2330 878 ad

278 908 583 1002 pretium,
610 929 736 1002 quo
758 909 825 975 &
846 924 1146 1003 tyronum
1166 899 1344 968 labor
1359 944 1381 978 ,
1429 905 1496 969 &
1519 896 1758 970 desidia
1776 827 2056 998 magilsri
2078 904 2158 972 ali
2179 902 2328 1001 pos·

284 1003 387 1075 fit.
440 1007 568 1076 Dili
617 1030 731 1075 ens
750 1026 969 1076 tamen
992 1000 1433 1073 nonnullarum
1459 1002 1827 1095 Operamm
1849 998 2151 1072 industria
2168 1054 2191 1090 ‚
2214 1028 2330 1076 ex-

210 1123 215 1127 ·
281 1105 438 1174 aestis
458 1031 744 1176 artificiis
766 1103 1061 1176 eminens
1085 1148 1108 1184 ‚
1159 1099 1576 1195 preciumque
1612 1121 1726 1192 per
1748 1096 2003 1171 Orbem
2022 1105 2335 1175 merenti-

277 1202 392 1273 bus
408 1249 429 1280 ,
452 1200 601 1277 satis
625 1204 847 1302 prodit
866 1249 888 1285 ,
912 1204 976 1272 in
997 1225 1071 1273 ea
1092 1199 1355 1296 regione
1375 1193 1692 1287 ejusmodi
1718 1196 1914 1269 studia
1933 1225 2061 1270 non
2081 1201 2331 1300 stipatis

272 1305 435 1373 coeli
453 1306 619 1375 vitio
641 1305 895 1386 animis,
918 1299 1023 1374 sed
1041 1299 1241 1372 nimia
1265 1291 1575 1367 felicitate
1597 1294 1897 1368 laborare.
1936 1306 2032 1374 Ut
2047 1304 2224 1374 enim
2247 1302 2328 1376 ad

274 1402 710 1474 extimulanda
746 1403 1005 1501 ingenia
1028 1448 1052 1485 ,
1089 1393 1377 1491 artesque
1400 1389 1703 1466 fovendas
1722 1443 1743 1479 ,
1799 1399 1992 1469 nimis
2016 1400 2207 1472 cruda
2224 1423 2335 1474 aut

270 1526 459 1572 avara
489 1503 765 1597 imperia
798 1500 957 1570 nihil
978 1502 1198 1591 juvant
1219 1543 1243 1580 ,
1278 1492 1579 1590 depreffis
1599 1496 1820 1594 populi
1842 1497 2164 1571 mentibus
2187 1549 2211 1583 ‚
2253 1510 2328 1576 δε

274 1597 730 1694 desperatione
747 1595 988 1680 solutis,
1016 1597 1103 1666 ita
1122 1590 1372 1663 fortuna
1394 1588 1716 1665 lasciviens
1734 1653 1755 1680 ,
1806 1595 2135 1697 laborique
2155 1600 2326 1672 haud

275 1698 470 1765 aliter
487 1722 679 1795 quam
699 1720 811 1795 per
826 1694 1045 1768 ludum
1065 1695 1311 1764 intenta
1328 1736 1350 1772 ,
1373 1689 1579 1792 plebis
1601 1689 1925 1769 solertiam
1939 1722 2072 1771 nou
2090 1702 2336 1772 attollit

281 1793 365 1866 ad
393 1797 686 1867 exastam
720 1795 952 1868 artium
993 1818 1230 1866 curam.

374 1894 637 1966 Nullibi
665 1898 730 1966 in
774 1917 905 1966 tam
939 1894 1193 1991 ingenti
1230 1916 1436 1990 regno
1467 1891 1744 1992 vestigal
1767 1941 1793 1979 ‚
1843 1896 2057 1969 nonin
2078 1895 2335 1970 urbibus

269 1997 659 2095 pontiumve
676 1991 1145 2066 discriminibus
1169 1993 1649 2090 publicanorum
1674 1992 2019 2070 stationes:
2078 2016 2338 2095 praeter-

204 2124 209 2130 ·
269 2120 466 2193 quam
502 2095 584 2165 iis
620 2095 782 2164 locis
818 2093 989 2164 unde
1009 2115 1201 2164 naves
1227 2093 1294 2162 in
1314 2111 1561 2163 exteras
1581 2093 1801 2191 plagas
1819 2090 2096 2169 solvunt.
2151 2099 2331 2171 Nam

267 2196 645 2293 importatas
667 2217 916 2267 merces
936 2252 958 2279 ‚
1017 2211 1124 2264 aut
1173 2216 1313 2289 quae
1348 2190 1499 2263 inde
1525 2214 1940 2289 exportantur
1958 2245 1980 2277 ‚
2033 2192 2329 2294 profiteri

275 2295 437 2393 apud
459 2319 570 2367 eos
593 2290 834 2366 necefl'e
851 2291 949 2365 est
967 2340 989 2374 ‚
1028 2292 1138 2391 qui
1162 2292 1203 2364 a
1227 2295 1413 2392 Rege
1430 2293 1780 2389 portorium
1800 2296 2272 2370 conduxerunt.

287 2429 298 2449 ·
374 2393 501 2467 Sed
533 2418 650 2465 nec
689 2393 894 2491 plebis
916 2388 1206 2492 superbia
1224 2391 1506 2463 acerbior
1526 2396 1881 2493 peregrinis
1899 2422 2091 2495 quam
2111 2398 2181 2467 in
2200 2405 2333 2470 Pa-

273 2495 497 2564 tricios
529 2490 650 2565 suae
685 2493 899 2591 gentis
937 2511 1152 2563 exerta
1171 2488 1309 2570 est,
1414 2491 1477 2560 ui
1513 2493 1912 2588 opulentiam
1949 2494 2072 2566 suae
2110 2497 2331 2588 patriae

276 2594 462 2661 luunt
493 2590 870 2662 rusticorum
920 2586 1206 2672 fastidio,
1254 2517 1490 2688 seipi'os
1527 2589 1695 2685 pene
1739 2593 1964 2686 primis
1999 2591 2332 2663 ordinibus

279 2688 699 2788 stirpibusque
721 2690 1144 2787 aquantiumg,
1196 2695 1260 2761 δι
1297 2688 1758 2788 indignationis
1801 2687 1919 2763 suar
1939 2708 2072 2763 tam
2096 2693 2335 2791 pretio-

279 2785 417 2861 sam
440 2786 685 2860 causam
703 2785 902 2858 odiffe
918 2789 1232 2860 interdum
1253 2814 1390 2861 non
1413 2807 1731 2871 verentur.

379 2894 646 2961 Summa
666 2908 882 2958 tamen
902 2889 1063 2986 apud
1083 2913 1308 2961 omnes
1327 2887 1683 2961 nobilitatis
1702 2889 2091 2965 reverentia:
2134 2916 2329 2991 quam

269 2987 436 3068 intra
475 2987 736 3060 brevem
775 3011 997 3059 eorum
1036 3010 1363 3061 numerum
1410 2987 1724 3062 aestimant
1749 3034 1771 3069 ,
1805 3016 1968 3089 quos
1988 2993 2329 3062 Dominos

270 3110 530 3158 vocant.
588 3089 682 3160 Hi
704 3086 844 3157 sunt
865 3091 1089 3159 Duces
1108 3146 1129 3172 ,
1159 3090 1572 3161 Marchiones
1597 3134 1618 3168 ,
1649 3090 1952 3161 Comites
1972 3136 1998 3174 ,
2038 3094 2104 3159 δι
2130 3094 2331 3160 Baro-

274 3212 426 3258 nes:
486 3187 772 3258 Ducium
799 3195 862 3259 &
890 3181 1345 3260 Marchionum
1368 3212 1597 3259 omnes
1620 3186 1803 3259 liberi
1826 3235 1852 3269 ,
1880 3210 1960 3257 ex
1986 3188 2334 3259 Comitum

274 3283 429 3356 filiis
467 3287 665 3376 major
702 3306 869 3357 natu.
942 3289 1082 3358 Illis
1116 3283 1756 3386 quoque-Episcopos
1780 3286 2105 3376 Majorum
2128 3286 2332 3384 pietas

272 3385 587 3477 adjunxit.
619 3385 805 3482 Apud
828 3385 944 3455 hos
965 3394 1273 3458 Proceres
1292 3384 1369 3455 ad
1391 3383 1612 3454 omnia
1629 3380 1929 3480 obsequia
1950 3381 2334 3459 descendere

270 3510 410 3557 non
428 3482 765 3582 indignum
782 3542 804 3569 ‚
845 3493 910 3557 &
933 3483 1048 3581 ipsi
1069 3487 1245 3558 velut
1266 3486 1335 3554 in
1361 3501 1594 3553 terram
1619 3480 1855 3579 positos
1880 3489 2338 3584 contemplan-
2419 3508 2422 3511 ’

270 3606 371 3654 tes
410 3581 587 3654 suum
621 3578 940 3683 fastigium
965 3609 1094 3654 non
1117 3587 1439 3681 ignorant.
1496 3582 1650 3652 Nec
1676 3581 1801 3652 illae
1820 3581 2165 3682 dignitates
2189 3610 2331 3658 em-

265 3682 513 3780 ptionis
548 3684 951 3753 commercio
989 3682 1416 3778 producuntur
1439 3680 1512 3755 in
1537 3680 1768 3776 vulgus
1803 3706 2339 3783 nummorumque

258 3781 632 3857 fortunam:
687 3778 800 3854 sed
841 3778 1246 3854 successionis
1284 3775 1443 3853 serie
1483 3775 1806 3854 transeunt
1842 3782 1911 3880 in
1965 3778 2330 3869 haeredem

2235 3882 2341 3954 vel
