2738 4475
404 287 2278 534 ALETHOPHILus⁶⁵⁹

944 570 1582 652 camma-rus,

246 667 450 803 Qae
485 695 594 779 est
626 694 839 780 sexta
882 693 1069 779 Pars
1108 692 2263 796 EUPHORMloN-Is,

572 936 941 1055 Triduum
978 843 1927 1037 geniafevbionyfialiorum.

894 1109 968 1178 D
993 1132 1018 1180 1
1042 1129 1084 1177 a
1109 1131 1138 1178 s
1195 1111 1245 1177 P
1264 1128 1314 1177 n
1339 1128 1368 1177 1
1389 1128 1450 1176 M
1472 1128 1524 1178 u
1550 1130 1611 1178 s.

449 1231 663 1300 Mundi
696 1250 945 1326 quatuor
975 1233 1265 1329 incognita
1285 1230 1412 1329 five
1443 1231 1738 1304 calumnia
1773 1230 2036 1328 repreffa.

1179 1405 1230 1482 ς.
1264 1407 1307 1463 1.

257 1541 267 1554 ‘
293 1561 304 1572 ι
429 1535 460 1592 ’4,
491 1543 543 1600 „s
611 1526 850 1603 Ngenua
894 1525 1238 1584 familiaritas
1281 1522 1381 1583 illa
1419 1542 1589 1603 quam
1624 1522 1905 1582 Musarum
1936 1523 2087 1583 idem
2116 1547 2277 1588 amor

250 1638 334 1696 β·
365 1604 379 1661 ³.
444 1600 454 1620 ·'
479 1603 566 1691 ᾗ(
615 1603 950 1682 plerumque
981 1604 1243 1661 conciliat
1259 1642 1276 1668 ,
1323 1621 1450 1667 mc,
1492 1604 1730 1680 aliosque
1773 1621 1975 1679 paucos
2004 1606 2065 1662 in
2092 1609 2277 1681 paucis
2358 1602 2364 1608 ’

256 1699 293 1743 ,1
375 1750 381 1758 ⁴
476 1724 503 1765 Ι.
564 1705 573 1726 1
617 1679 762 1738 mihi
796 1680 1091 1740 familiares
1117 1683 1181 1740 ad
1217 1681 1579 1739 remittendos
1609 1680 2182 1757 Philosophiaestudiis
2197 1688 2281 1743 in·

539 1793 573 1832 ,ἐ
617 1773 801 1819 tentos
814 1758 1078 1818 haetenus
1093 1761 1266 1818 animi
1282 1779 1478 1817 nervos
1489 1759 1973 1818 Bacchanaliorum
1991 1762 2182 1820 triduo
2210 1765 2279 1824 fi-

519 1834 565 1852 *
619 1836 742 1910 mul
760 1843 860 1896 coe'
931 1852 1029 1895 rat.
1073 1841 1337 1915 Cumque
1352 1836 1584 1897 secunda
1599 1839 1828 1904 bruma,
1867 1836 2149 1918 denfisque
2164 1862 2277 1899 nu-

232 1919 393 1980 bibus
408 1918 573 1978 tristis
588 1920 677 1975 ae'r
693 1915 759 1974 ad
778 1916 856 1993 hy
899 1936 1025 1976 erna
1040 1919 1339 1976 domestica
1355 1957 1372 1981 ,
1390 1916 1735 1996 hilaremque
1751 1935 1811 1974 ea
1824 1916 1945 1974 luce
1960 1916 2153 1976 focum
2175 1937 2278 1979 nos

233 1997 591 2074 compulisset
606 2035 622 2060 ‚
655 1996 857 2072 quibus
887 1994 1112 2055 ludicris
1127 1995 1220 2054 has
1234 1996 1476 2074 geniales
1492 1996 1651 2054 ferias
1664 1996 1956 2055 liberaliter
1967 2015 2273 2074 ageremus,

232 2075 579 2153 tantillasque
606 2075 728 2131 istas
758 2073 1071 2134 falleremus
1104 2075 1346 2134 inducias
1374 2074 1698 2152 aliquandiu
1729 2076 1936 2132 vacavit
1966 2075 2275 2134 decernere.

229 2156 479 2214 Placebat
495 2153 611 2211 aliis
626 2152 815 2210 teffeta
832 2192 848 2217 ,
861 2167 957 2210 aut
972 2154 1172 2213 taxillis
1190 2181 1207 2225 3
1251 2152 1372 2210 aliis
1384 2152 1631 2229 placebat
1645 2152 1968 2211 latrunculis
1983 2193 1999 2218 ,
2030 2155 2116 2212 vel
2130 2155 2282 2213 orbi·

225 2235 365 2294 culis
398 2236 457 2293 in
488 2232 865 2311 quincuncem
896 2231 962 2289 ad
988 2233 1165 2291 aleam
1198 2231 1435 2290 direstis.
1485 2234 1696 2290 Verum
1730 2233 1980 2290 Barrinus
2011 2233 2077 2292 ad
2094 2232 2272 2293 aleam

229 2317 433 2392 peritus
448 2310 668 2370 lusorias
681 2326 856 2370 cartas
874 2310 932 2369 in
950 2313 1196 2371 medium
1217 2310 1533 2388 proferens,
1568 2312 1652 2369 En
1691 2312 1767 2368 ait
1802 2310 2148 2387 lepidiffimae
2178 2312 2276 2372 hi-

228 2392 527 2452 storiaeduo
544 2390 865 2453 volumina,
891 2389 995 2447 alia
1028 2393 1166 2468 quip
1270 2390 1493 2448 voluere
1526 2388 1677 2447 nefas
1710 2389 1816 2447 hoc
1831 2390 2138 2467 genialium
2156 2390 2269 2448 die-

225 2491 354 2535 rum
371 2470 557 2526 triduo
577 2505 593 2530 ‚
620 2485 736 2544 quo
768 2466 948 2522 hercle
980 2482 1157 2543 quotu
1181 2466 1415 2545 quisque
1433 2469 1511 2524 est
1525 2468 1625 2543 qui
1638 2469 1808 2544 genio
1826 2485 1942 2525 non
1958 2468 2264 2547 indulgeat.

224 2552 376 2628 Ergo
391 2546 622 2605 utimini
641 2557 703 2601 ut
720 2542 874 2600 libet.

311 2626 592 2684 Macrinus
609 2625 669 2679 in
686 2638 1051 2679 communem
1071 2622 1186 2680 ibat
1200 2622 1549 2685 sententiam,
1563 2623 1633 2677 Et
1649 2619 1759 2678 hoc
1773 2619 2002 2699 quidem
2019 2621 2268 2681 aulicum

231 2706 312 2762 est
326 2742 343 2763 .
366 2700 493 2760 infit
509 2740 525 2764 ,
557 2702 616 2757 in
628 2718 744 2777 quo
755 2697 883 2756 sunt
899 2699 1075 2758 Urbes
1092 2740 1106 2765 ,
1124 2700 1360 2758 Castella
1378 2739 1394 2764 ,
1417 2699 1725 2756 Provinciae
1747 2718 1836 2763 ‚ac
1850 2702 2021 2759 totius
2038 2703 2272 2777 Europae

230 2784 436 2844 Duces,
452 2780 747 2856 Principes.
762 2776 1020 2835 Caesares:
1062 2779 1210 2838 Istud
1239 2798 1372 2837 vero
1402 2776 1625 2856 vulgare
1639 2795 1701 2835 ac
1716 2778 1948 2839 tritum,
1991 2778 2271 2857 habetque

231 2859 581 2925 Rombulos,
601 2857 767 2915 corda
782 2895 799 2921 ‚
817 2856 1044 2923 trifolia‚
1064 2857 1431 2923 vomet-culos,
1453 2854 1543 2915 seu
1558 2855 1789 2934 spicula:
1832 2855 2039 2917 Adhaec
2053 2859 2114 2918 in
2129 2877 2274 2939 qua·—

228 2958 343 3019 que
358 2937 567 2996 familia
581 2939 798 3015 Regem
816 2975 833 3001 ,
850 2936 1124 3013 Reginam
1144 2975 1162 2997 .
1179 2942 1234 2999 &
1250 2937 1609 3014 armigerum.

312 3020 433 3097 Ego
464 3014 1001 3094 Alethophilusludo
1016 3034 1108 3072 me
1128 3017 1248 3091 jam
1267 3016 1480 3074 dudum
1501 3016 1759 3074 nuntium
1778 3015 2068 3085 remiliss‘e3
2116 3018 2171 3075 δε
2197 3015 2269 3075 ad

227 3097 598 3157 liberaliorem
617 3134 633 3159 .
665 3112 728 3152 ac
760 3093 1153 3153 humaniorem
1183 3093 1380 3152 ludum
1412 3092 1614 3153 sodales
1643 3096 1717 3152 ita
1746 3094 2064 3170 compello:
2105 3093 2273 3153 liceat

313 3176 420 3233 tius
439 3175 554 3240 ,mi
572 3174 826 3233 Barriue,
857 3172 1081 3231 alternis
1098 3171 1293 3231 fabulis
1311 3172 1634 3236 madidum,
1667 3171 2085 3255 hibernumque
2115 3172 2271 3233 diem

261 3253 455 3318 udere,
483 3267 649 3330 atque
674 3249 808 3309 seria
837 3251 1196 3328 temperando
1219 3253 1388 3327 jocis.
1423 3251 1691 3309 molestias
1718 3252 1985 3324 temporis
1998 3249 2271 3328 frangere.

236 3335 297 3391 ὃ(
313 3328 662 3388 solitudinem
681 3331 917 3387 nostram
937 3329 1215 3389 sublevare
1232 3356 1252 3400 5
1293 3331 1450 3406 plura
1478 3328 1604 3388 sunt
1638 3330 1870 3387 enimin
1887 3348 1983 3387 ore
1998 3331 2268 3397 carmina,

235 3427 412 3488 quam
431 3427 533 3465 aera
548 3410 608 3465 in
620 3425 915 3466 crumena:

401 3485 731 3544 Additurhu‘e
751 3485 951 3560 geniale
978 3488 1129 3545 decus
1145 3526 1163 3553 ,
1195 3484 1435 3564 risusque
1459 3485 1673 3560 venusti.

231 3563 779 3624 Annuit-consessus.
813 3563 1172 3643 inprimisque
1200 3564 1437 3622 Rosetus
1467 3568 1521 3623 δι
1552 3565 1832 3623 Macrinus
1864 3567 1918 3623 δε
1937 3562 2045 3640 ipse
2059 3563 2272 3625 liberali

233 3645 433 3702 vultu:
474 3640 845 3719 omnibusque
860 3643 1196 3706 volentibus,
1228 3650 1285 3704 &
1317 3643 1380 3700 ad
1403 3662 1612 3701 novum
1632 3643 1853 3721 aliquod
1869 3658 2268 3721 argumentum

233 3720 503 3799 suspensis
517 3722 753 3786 animis,
786 3721 1003 3778 arreffis
1018 3723 1268 3786 auribus,
1297 3723 1591 3801 postquam
1612 3721 1733 3780 satis
1747 3721 1992 3782 excusavi
2011 3732 2193 3781 meam
2210 3723 2274 3778 in

229 3801 478 3859 dicendo
494 3800 883 3864 temeritatem,
902 3801 1050 3858 &im
1155 3802 1310 3859 itiam
1333 3800 1527 3868 3bonis
1543 3801 1746 3868 avibus,
1766 3801 1963 3882 absque
1985 3802 2091 3860 ullii
2107 3815 2271 3876 pom-

223 3879 304 3960 pa
324 3880 619 3940 verborum
641 3917 658 3944 .
684 3877 1030 3939 familiariter
1069 3899 1167 3940 um
1183 3878 1506 3959 auspicatus.

1330 3960 1385 4016 Τ
1403 3971 1426 4017 t
1467 3977 1500 4018 2
2028 3956 2077 4037 ς.
2098 3955 2167 4014 11.
2216 3951 2275 4017 Si
