2738 4475
890 246 956 320 1²
1056 274 1131 344 a..
1206 271 1259 325 n
1358 273 1394 321 s
1471 252 1606 323 .V.
2119 253 2259 350 653

232 364 356 423 uatis
372 363 730 432 incommista
749 362 922 422 subest
938 401 953 426 ,
987 351 1292 441 quod'olim
1313 364 1455 422 mihi
1472 365 1617 423 inter
1634 379 1807 439 opum
1825 359 2102 422 luxuriem
2121 362 2267 500 safi—
2302 422 2308 427 ,

231 461 363 503 nato
395 445 462 502 ad
495 457 763 502 terrorem
798 441 1187 518 improborum
1218 442 1555 500 inevitabilia
1583 442 1693 500 tela
1721 441 2044 519 refignabat.
2085 443 2173 499 Du
2198 462 2265 501 ω

236 524 313 579 est
328 521 480 580 irasci
501 522 679 586 vitiis,
722 524 777 579 δι
796 539 898 597 pro
914 522 1173 578 Veritatis
1187 519 1502 579 defensione
1518 538 1761 597 quaerere
1791 519 2096 576 hominum
2127 532 2274 578 tute-

233 596 367 658 lam.
425 600 632 657 Crescit
660 618 757 678 per
783 598 959 656 clades
988 597 1104 655 suas
1132 597 1293 655 velox
1322 601 1577 668 animus;
1610 598 1930 659 &extranei
1947 598 2067 654 odii
2083 595 2274 673 suique

234 679 373 736 mali
387 677 781 756 recognoscens
800 717 816 743 ,
844 679 904 734 in
929 677 1162 734 delicata
1175 676 1364 752 satyrae
1380 676 1658 754 voluptate
1672 674 2084 734 corroboratur.
2115 697 2118 700 ¹
2146 679 2273 733 Sive

235 759 393 814 enim
425 756 620 814 celebri
651 757 898 814 carmine
926 754 1241 813 detonueris
1270 756 1328 813 in
1347 755 1572 819 scelera,
1614 754 1907 812 fivelibera
1920 756 2172 811 oratione
2187 752 2277 813 Ιπ-

237 832 308 891 sae
354 829 608 894 Veritatis
645 833 889 911 querelas
927 833 1240 909 exposueris
1258 872 1275 898 ,
1332 833 1625 892 conciliata
1665 832 2054 909 improborum
2101 847 2273 910 quot-

237 925 384 988 quot
400 912 600 989 ubique
617 911 999 978 suntinvidia,
1044 916 1099 971 &
1128 911 1314 970 inutili
1351 929 1656 989 pauperum
1689 911 1848 969 laude
1876 910 2161 976 defensus,
2199 913 2284 984 ja-

240 990 391 1048 cebis
416 993 794 1067 potentiorum
826 992 1087 1053 victima,
1122 995 1177 1049 δι
1207 992 1448 1048 incertus
1478 990 1673 1047 salutis.
1733 993 1813 1045 Ut
1844 989 2021 1067 fugias
2053 991 2282 1047 morda-

241 1068 294 1126 ci
327 1069 467 1144 stylo
499 1071 833 1147 perstriEtam
866 1070 1171 1144 potentiam
1190 1107 1206 1133 ,
1246 1069 1590 1128 conversatio
1619 1070 1929 1138 amicorum
1964 1067 2279 1145 relinquen·

240 1146 308 1203 da
336 1149 445 1213 est,
486 1154 539 1207 &
572 1150 1008 1225 patrimonium,
1052 1150 1107 1205 ὃ(
1139 1160 1421 1223 parentes,
1461 1163 1525 1206 ut
1554 1148 1616 1204 in
1646 1143 2000 1205 solitudinem
2028 1164 2147 1208 eas.
2190 1147 2281 1204 in-

240 1238 324 1282 ter
352 1224 627 1285 deformia
656 1229 988 1305 paupertatis
1016 1224 1204 1284 oscula
1228 1265 1246 1292 ,
1285 1229 1341 1285 ec
1375 1223 1781 1286 infructuosum
1820 1223 2145 1301 amplexum
2190 1225 2281 1283 vi·-

236 1304 440 1362 &urua
1201 1353 1209 1360 ,

294 1385 578 1442 Caeterum
594 1381 895 1442 effervescit
914 1380 1306 1459 pulcherrimae
1322 1396 1529 1441 naturae
1542 1382 1714 1441 robur
1727 1400 1824 1459 per
1841 1381 2066 1460 injurias
2081 1384 2136 1440 &
2153 1381 2283 1439 vul-

238 1480 370 1519 nera
387 1480 596 1538 ‚eoque
616 1464 789 1519 acrius
807 1462 876 1519 ad
895 1460 1186 1517 interdicta
1203 1474 1499 1539 torquetur
1513 1502 1530 1528 ,
1574 1481 1690 1541 quo
1718 1460 1923 1519 amissis
1955 1461 2111 1519 sortis
2125 1459 2286 1519 bonis

242 1538 635 1617 soliusingenii
651 1538 867 1596 divitias
884 1539 1100 1595 retinet.
1158 1540 1341 1597 Maete
1371 1541 1597 1606 animo,
1628 1537 1966 1614 Alitophile,
1989 1539 2147 1614 juvat
2166 1538 2286 1595 im-

246 1616 489 1676 mortale
523 1633 734 1675 nomen
771 1615 1091 1675 mortalium
1124 1617 1436 1676 inimicitiis
1468 1635 1815 1697 comparare,
1858 1621 1915 1676 &
1935 1631 2143 1675 certam
2163 1614 2288 1672 soli-

250 1695 496 1771 damque
511 1695 829 1771 posteritatis
843 1696 1177 1753 memoriam
1198 1696 1258 1753 in
1276 1696 1706 1756 admirationem
1725 1697 2042 1755 constantiae
2058 1708 2165 1751 tuae
2193 1691 2290 1750 de-
2323 1735 2336 1748 .

254 1774 489 1830 vincire:
532 1771 756 1832 Sursum
774 1774 1021 1851 ingentia
1037 1771 1161 1830 sunt
1180 1812 1196 1838 ,
1232 1775 1292 1832 in
1306 1793 1550 1851 quorum
1571 1772 2291 1854 poffessionemillitantum

252 1851 636 1910 admittuntur
663 1854 762 1931 qui
796 1850 888 1910 sua
916 1849 1247 1909 conscientia
1265 1856 1516 1912 contenti
1533 1853 1895 1932 neglexerunt
1910 1850 2294 1912 mendacium·

252 1934 312 1992 δι
331 1928 475 1986 terso
491 1932 690 1988 animo
706 1932 1062 1989 emicuerunt
1076 1969 1093 1995 ,
1109 1930 1175 1986 ad
1191 1929 1666 1990 conservationem
1684 1933 1815 1989 veri.
1859 1931 1990 1990 Ideo
2005 1929 2197 1987 virtuti
2210 1927 2296 1986 ie·

245 2009 336 2065 rio
356 2009 627 2067 incumbe
643 2047 660 2074 ,
692 2012 747 2067 δι
777 2008 869 2067 illa
900 2022 956 2065 te
971 2007 1057 2066 vel
1070 2008 1213 2068 ultra
1225 2028 1423 2088 regum
1443 2010 1652 2069 famam
1671 2011 1791 2085 post
1805 2008 2027 2067 obitum
2043 2005 2295 2072 extollet.

244 2102 342 2145 aut
374 2086 520 2144 ultra
550 2086 660 2145 tela
694 2085 1770 2166 instabilitatis&temporum'pofitum.
1801 2085 2109 2146 consentiet
2142 2100 2196 2143 te
2220 2085 2294 2144 de

244 2165 552 2255 tranquillo
571 2165 811 2244 spestare
829 2164 1177 2243 reliquorum
1194 2166 1508 2246 naufragia.
1565 2168 1830 2225 Extrema
1845 2163 1990 2222 mihi
2005 2176 2290 2243 paupertas

244 2246 321 2302 est
337 2283 354 2306 .
374 2246 593 2321 ipiritus
612 2258 798 2303 tamen
816 2244 993 2303 alacer
1012 2284 1029 2310 ,
1057 2247 1112 2302 δι
1129 2242 1434 2320 spontaneo
1451 2246 1662 2322 eloquii
1683 2245 1923 2304 flumine
1938 2245 1997 2302 in
2012 2243 2172 2301 suum
2188 2242 2293 2299 de·

247 2341 443 2391 eorem
463 2324 761 2399 productus
778 2364 795 2389 ‚
811 2341 984 2399 eaque
1003 2321 1275 2381 facilitatis
1288 2324 1464 2403 gratia
1480 2324 1660 2382 fluens
1677 2364 1694 2390 ,
1724 2336 1790 2381 ut
1801 2321 2072 2399 quicquid
2089 2339 2294 2378 conce-

241 2403 390 2477 perit
420 2404 636 2478 impetu
672 2402 862 2459 vivido
896 2400 1008 2458 fine
1041 2399 1232 2469 sudore
1264 2401 1529 2477 perficiat.
1575 2403 1680 2459 Sed
1698 2400 2073 2459 infortunium
2093 2417 2291 2458 meum

246 2481 408 2537 auxit
422 2479 668 2537 maxime
685 2478 1054 2553 Acigniorum
1088 2478 1327 2542 invidia,
1365 2480 1466 2556 qui
1510 2478 1651 2535 5&ae
1681 2477 1976 2537 sanctitatis
2008 2478 2296 2535 induentes

247 2554 642 2633 supercilium,
675 2557 736 2612 in
767 2555 959 2631 plenos
982 2552 1615 2630 innoxiaejucunditatis
1648 2555 1827 2614 versus
1841 2569 2018 2615 totam
2035 2554 2293 2614 Eleuthe-

248 2635 691 2691 riarnarmavere
710 2672 726 2697 ,
761 2636 815 2690 δε
835 2650 937 2707 pro
950 2632 1041 2690 sua
1057 2631 1444 2711 Gephyriique
1457 2635 1705 2710 potentia
1721 2634 1987 2693 natalibus
2004 2652 2098 2692 me
2111 2652 2292 2711 pepu-

252 2710 444 2781 lerunt
462 2710 645 2789 terris,
673 2714 1083 2768 comminantes
1115 2709 1386 2769 infamem
1423 2725 1667 2771 mortem
1698 2711 1889 2790 siquid
1906 2711 2294 2790 postmlingua

251 2787 344 2845 vel
360 2789 575 2846 calamo
590 2788 650 2846 in
667 2790 813 2845 Deos
825 2788 1148 2847 hominesve
1163 2806 1463 2863 peccarem.
1502 2792 1653 2848 Adeo
1667 2793 1831 2850 etiam
1852 2792 2120 2849 vitiorum
2137 2786 2293 2847 tena'-

249 2886 342 2924 ces
356 2867 549 2925 firmus
562 2905 579 2931 ,
609 2881 673 2925 ut
703 2864 950 2924 nolimus
962 2887 1024 2925 ea
1038 2868 1273 2927 crimina
1287 2868 1610 2944 reprehendi
1629 2888 1754 2948 quat
1769 2870 1916 2948 leges
1931 2868 2292 2928 sacratissimis
2407 2882 2412 2889 “

245 2944 621 3006 finitionibus
631 2946 817 3022 puniri
834 2942 1017 3003 severe
1035 2944 1242 3003 volunt.
1262 2948 1519 3009 Videritis
1532 2966 1600 3009 an
1621 2948 1785 3007 hodie
1801 2948 1996 3006 infelix
2015 2947 2082 3004 fit
2094 2948 2289 3014 virtus,

246 3043 375 3103 quat
390 3025 609 3087 dudum
628 3023 781 3087 amisi
798 3023 957 3082 illum
978 3025 1169 3101 glor-ix
1183 3025 1436 3090 titulum,
1449 3045 1626 3103 quem
1641 3027 1956 3102 incastigata
1974 3024 2071 3082 fibi
2088 3024 2292 3083 scelera

246 3105 530 3162 vindicant
546 3144 563 3170 ,
591 3102 728 3162 dum
764 3102 981 3160 virtutis
993 3103 1227 3180 gloriam
1246 3105 1528 3181 intercipit
1540 3105 1677 3163 sicut
1695 3105 1958 3166 fortuita,
1985 3101 2056 3159 lic
2071 3102 2290 3159 &inso-

247 3182 366 3240 lens
381 3183 623 3241 felicitas.
664 3185 686 3240 1
732 3184 842 3240 itur
874 3181 1087 3251 fruatur
1111 3183 1336 3241 inimica
1367 3182 1479 3240 sors
1509 3183 1612 3241 illo
1632 3180 1728 3240 suo
1740 3179 1990 3255 trophaeo
2007 3179 2159 3256 quod
2175 3180 2293 3253 ipsa

251 3261 322 3318 de
337 3279 429 3318 me
448 3259 569 3317 fixit
598 3286 619 3328 ς
655 3263 693 3319 fi
748 3262 821 3319 bo
838 3275 1028 3319 mutus
1051 3299 1069 3326 ,
1095 3262 1152 3318 δι
1184 3259 1377 3318 fimilis
1407 3261 1589 3320 otioso
1605 3259 1877 3318 mordebo
1899 3256 2066 3314 fraena
2079 3275 2204 3333 quat
2222 3259 2294 3317 li·

255 3338 447 3396 bertari
478 3357 616 3407 meae
646 3342 699 3396 &
732 3340 1059 3396 innocentiae
1085 3340 1303 3396 intrivit
1335 3338 1703 3414 Acigniorum
1737 3333 2292 3395 immortaleinlitte·

252 3423 473 3481 ratos&
486 3420 787 3474 Veritatem
804 3416 999 3485 odium
1018 3456 1035 3482 ,
1069 3418 1221 3493 quod
1248 3434 1420 3472 omne
1448 3417 1757 3474 studiorum
1772 3433 1952 3492 genus
1971 3413 2136 3488 paulo
2152 3413 2292 3474 libe.

248 3497 365 3557 rius
381 3501 437 3555 ὃς
451 3496 682 3552 ειτᾶἰυε
694 3491 950 3552 servitute
966 3495 1048 3553 vel
1064 3514 1196 3553 nece
1212 3495 1454 3570 castigat.
1508 3496 1711 3571 Neque
1728 3511 1836 3570 ego
1850 3493 1908 3549 in
1927 3493 2022 3549 ista
2035 3507 2288 3569 tempora
2315 3544 2324 3549 .

250 3589 502 3635 atrocem
522 3575 723 3649 ingrati
739 3572 1013 3630 astionem
1041 3574 1316 3632 movebo,
1344 3589 1476 3628 cum
1513 3576 1568 3633 δι
1603 3571 1874 3649 praeterita
1904 3567 2079 3631 secula
2103 3575 2287 3631 ‘virtu-

251 3651 403 3713 tibus
419 3652 648 3710 inimica
663 3650 888 3709 fuerint.
956 3655 1184 3710 Cernite
1218 3668 1365 3709 nunc
1397 3664 1672 3725 quantum
1705 3648 2038 3723 impoffibile
2067 3652 2131 3708 fit
2146 3650 2289 3708 bene

251 3744 383 3789 nata
409 3732 627 3807 ingenia
659 3728 923 3786 deducere
955 3731 1020 3786 ad
1037 3732 1431 3804 captivitatem.
1484 3728 1754 3786 Nondum
1777 3728 2037 3786 Veritatis
2050 3727 2294 3788 amorah

244 3808 364 3869 hoc
388 3809 618 3889 pectore
649 3825 746 3886 per
777 3823 863 3868 tot
890 3807 1129 3868 ludibria
1169 3812 1225 3867 δι
1258 3807 1596 3866 calamitates
1621 3807 1876 3905 evanuit:
1931 3809 1985 3867 δι
2013 3805 2288 3940 liceiteggf
