2738 4475
404 388 458 404 ,,
755 301 764 308 ’
900 302 961 377 Ρ
1062 318 1109 375 Δ
1213 325 1267 376 R
1373 306 1662 384 slva·
2146 307 2298 408 485

251 429 260 435 ’
352 421 502 499 His
530 419 929 496 cautionibus
949 471 972 507 ,
1012 422 1124 494 ille
1142 423 1329 496 vivax
1349 430 1418 494 &
1440 449 1555 522 per
1571 421 1793 497 omnia
1814 420 2140 522 diffipatus
2160 432 2297 500 ani-

251 522 395 600 inus
416 521 718 597 subducet
736 521 1248 607 imbecillitatem
1269 520 1439 594 suam
1458 524 1660 594 oculis
1681 525 1904 623 populi
1928 570 1949 606 ,
1975 526 2042 594 &
2066 525 2133 596 in
2156 524 2297 625 spe-

253 627 428 696 ciem
467 622 791 722 sapientiae
810 618 1079 723 affurget
1100 674 1123 710 ,
1165 621 1291 696 five
1308 620 1371 694 se
1388 646 1609 722 regere
1625 620 1825 722 ipsum
1847 621 2043 722 poflit
2086 625 2294 725 (quod

253 725 350 796 uti
400 748 478 802 ue
498 719 862 824 frequenter
878 747 1010 794 non
1048 719 1306 813 videas)
1344 718 1474 793 five
1505 712 1723 794 saltem
1757 721 2009 794 confilii
2041 726 2291 820 patiens

237 820 362 893 'sua
408 821 661 894 entibus
679 821 906 894 amicis
926 821 1317 921 acquiescat:
1371 842 1440 891 ut
1476 821 1585 920 qui
1619 823 1824 919 prima
1863 823 1998 893 vini
2016 824 2294 924 caligine

239 921 496 994 'domiti
513 922 710 994 adhuc
730 920 1069 992 sciuntssnec
1091 919 1153 993 se
1173 920 1424 1018 sapere,
1460 945 1580 992 nec
1603 920 1863 993 monitis
1886 917 2294 999 familiarium

255 1022 571 1119 pervicaci
589 1021 690 1094 sua
713 1019 942 1092 fiducia
957 1019 1280 1093 obsistunt.
1855 1040 1859 1044 ·

253 1143 268 1156 ·
360 1121 463 1192 Ex
479 1120 742 1196 adverso
758 1118 1066 1212 ejusmodi
1088 1118 1426 1191 hominum
1448 1166 1471 1200 ,
1513 1117 1609 1193 est
1645 1118 1809 1191 aliud
1849 1145 2050 1218 genus
2087 1123 2291 1221 prima

252 1211 466 1291 fronte
486 1213 620 1295 tam
641 1222 679 1292 a
700 1216 910 1318 specie
925 1219 1045 1292 suae
1064 1220 1314 1291 virtutis
1333 1220 1838 1318 alienum‚·quam
1857 1218 1965 1291 isti
1981 1222 2292 1321 eloquen-

246 1337 350 1389 tes
363 1319 406 1389 'a
426 1320 821 1395 vitiorum'in
843 1344 982 1418 quae
999 1320 1133 1390 nati
1147 1317 1287 1390 sunt
1306 1319 1597 1416 imagine
1628 1319 1948 1391 recedunt.
2024 1323 2120 1394 Hi
2155 1322 2283 1421 igi-

249 1436 376 1499 tur,
398 1444 546 1496 cum
567 1419 775 1493 subito
795 1418 1195 1516 loquendum
1215 1416 1346 1501 est,
1399 1417 1642 1489 tardam
1675 1416 1983 1519 aegriusve
2020 1418 2293 1519 sequen·
2369 1502 2379 1509 ‚

248 1535 393 1589 tem
415 1520 780 1589 orationem
801 1515 1064 1599 habent,
1089 1516 1460 1613 haerentque
1476 1513 1806 1614 saepissime
1826 1518 2285 1591 blandimentis

239 1613 526 1688 ‘laceffiti
539 1671 561 1698 ,
605 1616 710 1687 vel
727 1615 888 1708 jocis
903 1661 927 1696 ‚
966 1609 1109 1714 quae
1124 1611 1312 1685 subiti
1334 1621 1400 1686 δε
1420 1614 1704 1713 expediti
1718 1617 1967 1716 ingenii
1987 1615 2285 1691 homines

254 1710 328 1784 in
362 1711 756 1812 quotidianis
790 1714 1130 1812 colloquiis
1165 1735 1466 1813 tanquam
1501 1715 1666 1785 levia
1682 1718 1810 1786 tela
1831 1738 2287 1816 contorquent.

255 1813 502 1910 Neque
523 1834 735 1884 autem
758 1812 885 1884 sola
901 1812 1089 1886 verba
1109 1838 1277 1912 aegre
1294 1812 1640 1910 expediunt
1662 1840 1685 1885 ε
1739 1812 1847 1886 sed
1878 1813 2072 1885 ficubi
2087 1816 2285 1893 etiam
2315 1876 2319 1880 .

248 1910 528 1982 dicenda
541 1910 853 1984 sententia
867 1969 891 1998 ‚
912 1933 1205 2010 quaerunt
1220 1910 1375 2013 quid
1393 1908 1665 1983 sentiant
1681 1970 1702 1999 ,
1728 1937 1937 2011 neque
1953 1912 2163 1987 statim
2184 1915 2287 1984 in-

240 2012 540 2084 veniunt·
587 2016 836 2085 Verum
858 2012 1178 2083 advocato
1196 2013 1416 2083 animo
1432 2057 1454 2092 ,
1493 2019 1561 2085 ἃς
1596 2012 1663 2082 in
1699 2008 1829 2083 sese
1866 2011 1947 2083 ad
1969 2012 2284 2084 meditan-

245 2110 401 2183 dum
438 2109 709 2182 reducto
727 2157 749 2192 ,
790 2112 858 2181 in
878 2134 1090 2182 rerum
1115 2118 1182 2182 δε
1201 2113 1614 2209 negotiorum
1636 2111 1767 2182 vim
1786 2111 2020 2192 idonea
2041 2106 2285 2183 subtili.-

245 2231 377 2283 tate
393 2230 733 2307 penetrant
749 2255 771 2289 ‚
801 2208 998 2282 verba
1019 2209 1249 2310 quibus
1269 2230 1524 2281 utantur
1544 2227 1686 2307 apta
1704 2211 2102 2309 concipiunt.
2155 2212 2282 2284 Vis

182 2301 194 2317 ⁸
242 2311 459 2384 inillis
477 2308 833 2397 recondita,
849 2310 1162 2409 utilesque
1182 2319 1250 2385 δε
1276 2334 1463 2391 verae,
1489 2333 1618 2379 non
1640 2306 1886 2395 fucatae,
1913 2315 1979 2380 δι
1998 2334 2079 2383 ex
2099 2306 2283 2381 scho‘·

240 2413 323 2484 lis
342 2410 709 2481 umbratiles
728 2406 1084 2493 sententiae‚
1110 2417 1176 2483 δι
1201 2409 1243 2481 fi
1259 2407 1535 2480 eruditio
1551 2407 1695 2505 ipfis
1715 2409 2001 2492 accessit,
2018 2408 2279 2506 ususque

242 2509 558 2583 scribendi
578 2556 600 2590 ‚
622 2511 991 2607 plerumque
1010 2506 1393 2607 digniffimae
1414 2531 1565 2606 quas
1586 2505 1851 2604 posteris
1869 2508 1984 2603 ipfi
2001 2508 2277 2579 tradant.

242 2614 331 2681 In
345 2605 474 2677 hoc
491 2630 645 2677 vero
659 2607 740 2679 iis
761 2602 1011 2677 fortuna
1029 2610 1199 2678 male
1215 2603 1529 2678 consuluit
1549 2661 1585 2688 ,„
1609 2602 2082 2703 quod-angustis
2103 2627 2241 2674 retu
2257 2646 2279 2658 -

253 2703 454 2803 fisque
485 2704 715 2776 animis
746 2700 874 2801 ipsa
908 2707 1255 2803 primorum
1280 2728 1569 2778 motuum
1588 2704 2051 2802 verborumque
2069 2703 2277 2801 specie

248 2803 554 2878 simillimi
578 2859 595 2887 ‚
617 2800 1014 2902 iniquissimo
1028 2805 1399 2901 praejudicio
1428 2802 1591 2902 saepe
1609 2806 1820 2897 jacent
1840 2848 1862 2882 ‚
1881 2825 2280 2876 temnuntur-

243 2926 399 3003 que.
465 2902 755 3001 Ideoque
789 2903 1015 3001 ignota
1033 2904 1409 3004 magnitudo
1428 2905 1668 3003 ingenii
1689 2929 1820 2976 non
1848 2905 2066 3003 utique
2085 2903 2278 2975 habet

236 3001 493 3102 semper
511 3002 859 3102 propitiam
887 3003 1165 3074 virorum
1191 3005 1548 3103 principum
1570 3030 1823 3075 manum
1845 3060 1863 3087 ,
1904 3029 2029 3099 qua
2062 3002 2141 3073 ad
2178 3002 2276 3072 di-

242 3127 400 3201 gnas
417 3099 518 3173 sua
536 3099 1033 3174 industriacuras
1056 3111 1123 3176 δι
1143 3104 1422 3175 honores
1442 3104 1720 3173 tollatur.
1777 3103 2007 3174 Veluti
2026 3101 2291 3195 precio·.

253 3198 615 3272 fiffimarum
641 3203 947 3273 mercium
970 3201 1207 3284 decor,
1251 3201 1295 3273 fi
1340 3201 1672 3274 finetitulo
1692 3201 1855 3269 intra
1875 3198 2031 3267 viles
2058 3191 2286 3267 fascia-

252 3323 395 3370 rum
414 3301 615 3369 nodos
634 3299 791 3372 latet
810 3357 829 3384 ,
874 3325 1008 3371 non
1031 3303 1289 3374 adducit
1308 3321 1662 3397 emptores.
1737 3298 1824 3366 lis
1859 3298 2049 3394 igitur
2069 3295 2283 3366 homi·

248 3396 439 3470 nibus
458 3400 740 3469 utilitatis
762 3398 1121 3499 pleniflima
1135 3403 1302 3472 ratio
1322 3399 1415 3469 cst
1433 3452 1454 3481 ,
1498 3399 1664 3468 viam
1687 3393 1894 3467 facere
1914 3442 1934 3476 ‚
1957 3420 2075 3494 qua
2094 3396 2169 3466 ad
2188 3394 2278 3467 sui

244 3498 458 3569 animi
474 3498 773 3570 interiora
787 3498 1046 3571 adeatur
1060 3546 1082 3582 ‚
1121 3494 1503 3596 nebulasque
1523 3496 1773 3567 amoliri
1794 3519 1945 3592 quas
1968 3498 2031 3566 in
2052 3494 2159 3564 suo
2195 3498 2297 3566 lias

243 3597 426 3669 mine
447 3617 663 3668 natura
681 3596 1041 3694 stipaverat.
1111 3604 1266 3671 Hoc
1307 3619 1500 3694 porro
1534 3591 1924 3694 afl'equentur
1946 3642 1970 3679 ‚
2001 3597 2099 3666 vel
2122 3591 2277 3666 scri-

241 3693 465 3767 bendo
508 3710 678 3784 (nam
710 3697 862 3795 quid
884 3696 978 3767 est
1000 3695 1167 3773 aliud
1190 3694 1466 3766 tabulam
1484 3695 1679 3764 animi
1703 3698 2114 3792 proponerc?)
2170 3693 2277 3766 vel

232 3791 486 3870 affiduo
505 3792 614 3868 usu
628 3794 973 3869 excitando
987 3794 1280 3868 lentioris
1298 3794 1544 3965 ingen?
1567 3816 1858 3876 acumen,
1879 3814 1945 3865 ut
1970 3816 2294 3957 quantursq

1393 3896 1464 3967 H
1581 3916 1616 3986 5
2189 3911 2223 3957 e
