2738 4475
456 156 608 262 ’198
997 158 1525 241 Eumaeum·
1580 162 2060 237 Sar-rium

457 281 593 355 tusa
610 282 852 355 cultelli
871 297 1050 380 parte
1068 282 1803 361 abminemiori-coeno.
1812 281 2126 381 purgavit.
2181 284 2358 355 Cum
2397 270 2497 354 ef-

457 377 591 456 fusa
621 382 855 456 deinde
888 384 1436 480 procellamejam
1456 381 2023 465 anteamadentem
2035 405 2212 456 novo
2225 379 2489 482 frigoris

460 478 732 556 horrore
764 478 1229 559 constrinxisset
1253 538 1275 567 ,
1330 508 1405 559 ac
1437 484 1710 559 omnino
1739 505 1953 554 meum
1989 481 2481 555 incommodum

448 583 919 681 geminaretur,
957 603 1270 657 monente
1307 582 1742 662 mercenario,
1777 581 2042 679 coepiin
2056 582 2228 654 viam
2248 577 2485 664 redire,

452 706 598 780 quas
631 674 798 756 mihi
832 683 902 754 in
917 675 1268 782 hospitium
1285 685 1564 759 maxime
1583 682 2059 782 compendiaria
2077 677 2487 782 proponeba-
2516 776 2521 783 ·

447 799 575 861 mr.

545 875 671 951 Sed
708 876 756 951 ὃ
797 904 1004 954 rerum
1037 884 1405 956 mortalium
1424 883 1807 956 mixturam!
1846 876 2486 980 &corporaquidem

443 977 659 1051 nostra
676 974 1011 1055 contrariis
1027 984 1498 1055 elementorum
1520 981 1855 1056 virtutibus
1890 981 2138 1055 astriCla
2165 1011 2189 1072 3
2238 980 2485 1049 animas

415 1097 661 1151 tamem
700 1082 998 1154 moeroris
1034 1080 1100 1155 Bi
1139 1081 1352 1182 gaudii
1381 1077 1696 1155 discordia
1714 1080 2126 1182 gubernatas!
2187 1073 2480 1153 Perfusus

442 1175 690 1276 pudore
723 1198 857 1250 tam
879 1182 1167 1279 ingenti,
1211 1182 1410 1255 etiam
1430 1183 1647 1253 omnis
1667 1182 1912 1254 consilii
1930 1184 2121 1280 inops
2139 1228 2168 1264 ,
2199 1187 2268 1253 δι
2310 1175 2486 1249 01111-

443 1275 544 1350 nis
567 1271 968 1377 malignitate
985 1279 1272 1353 turbatus
1288 1328 1310 1363 ,
1345 1281 1458 1380 qui
1471 1307 1552 1354 eo
1568 1281 1674 1354 die
1690 1334 1712 1366 ‚
1746 1306 1890 1379 quo
1906 1305 2012 1357 me
2032 1281 2307 1379 primum
2331 1280 2492 1348 Do-

443 1373 689 1449 mmiso
717 1381 787 1449 81
819 1380 1115 1451 Fortunae
1134 1380 1526 1454 credideram
1552 1439 1573 1469 ,
1610 1404 1716 1455 me
1735 1372 1921 1454 solita
1934 1380 2299 1479 malignitas
2316 1370 2488 1447 fato-

446 1498 590 1549 tum
630 1471 987 1576 fugientem
1028 1477 1407 1563 invenisset,
1463 1506 1645 1581 paene
1676 1480 1759 1553 de
1775 1483 2080 1555 extremis
2099 1474 2491 1579 cogitabam.

455 1574 628 1665 Quis
645 1597 893 1674 putatet
908 1578 973 1649 in
991 1580 1185 1653 tantis
1202 1581 1505 1680 angustiis
1526 1577 1788 1680 patuiffe
1807 1580 2034 1654 solatio
2047 1580 2264 1652 locum
2286 1570 2498 1651 ifotte

448 1670 818 1749 fitstuleram
852 1679 1076 1752 oculos
1095 1726 1120 1761 ,
1161 1701 1232 1752 ut
1263 1681 1544 1754 breviter
1562 1681 1848 1755 viderem
1867 1706 2008 1778 quae
2034 1677 2194 1751 mibi
2212 1701 2323 1776 per
2339 1672 2500 1748 civi-

450 1776 605 1848 tatis
631 1778 761 1850 vias
778 1801 1185 1881 occurrerent
1207 1778 1404 1851 turbae
1427 1824 1448 1860 ,
1490 1780 1555 1850 id
1570 1778 1666 1851 est
1682 1833 1707 1864 ,
1745 1775 1971 1879 quibus
1987 1777 2262 1847 ludibrio
2276 1777 2342 1844 in
2361 1797 2505 1845 ma-

454 1873 609 1948 dida
628 1870 1009 1977 confusaque
1027 1877 1200 1950 veste
1217 1877 1407 1948 essem
1424 1924 1450 1960 ,
1469 1902 1614 1948 cum
1631 1899 1805 1946 notae
1822 1873 2268 1945 familiaritatis
2287 1872 2494 1943 virum
2561 1917 2565 1920 >
2624 1887 2629 1893 ’

448 1973 617 2048 mihi
635 1974 949 2071 insperata
968 1972 1238 2046 felicitas
1254 2018 1277 2049 ,
1299 1997 1369 2042 ac
1390 1975 1561 2041 velut
1579 1971 1881 2051 iratmm
1903 1968 2239 2039 numinum
2257 1969 2482 2063 poeni-

447 2075 651 2143 tentia
670 2070 936 2160 objecin
975 2076 1040 2140 Β
1056 2089 1191 2140 erat
1209 2066 1710 2163 Theophrastus.
1741 2075 1843 2140 Ac
1863 2066 2076 2165 ptimo
2093 2066 2296 2145 veluti
2318 2062 2492 2138 som-

442 2168 538 2240 nii
576 2167 853 2237 vanitate
896 2164 1140 2237 delusus
1156 2211 1178 2247 ,
1231 2166 1471 2237 laetitia
1492 2168 1766 2264 ineptias
1784 2161 2023 2237 excuffi
2047 2186 2068 2244 3
2105 2160 2212 2235 sed
2231 2160 2488 2264 postea-

435 2290 633 2366 quam
670 2289 777 2337 me
810 2264 1073 2363 vigilate
1112 2268 1296 2338 vivax
1332 2264 1549 2362 gaudii
1565 2262 1777 2338 sensus
1795 2263 2128 2337 admonuit
2143 2312 2167 2345 ‚
2218 2287 2485 2366 utraque

435 2387 630 2442 manu
643 2366 1019 2462 complexus
1040 2363 1172 2437 sum
1188 2363 1530 2450 abeuntem
1550 2366 1795 2465 (neque
1811 2367 1989 2436 enim
2010 2386 2118 2436 me
2134 2364 2245 2437 ille
2261 2364 2488 2437 adver-

273 2511 280 2514 ·
432 2474 634 2562 terat)
662 2469 724 2536 &
746 2464 813 2536 in
835 2462 1117 2536 osculum
1139 2463 1531 2536 familiariter
1545 2465 1761 2538 invasi.
1817 2466 1939 2537 llle
1971 2463 2207 2561 pariter
2245 2462 2484 2562 gaudio

435 2585 653 2639 mutus
696 2562 859 2635 nihil
891 2561 1012 2635 11111
1048 2588 1156 2636 me
1174 2561 1571 2664 amplexibus
1591 2565 1860 2636 attrivit.
1911 2565 2003 2635 Et
2021 2563 2201 2634 illum
2220 2563 2484 2661 quidem

430 2663 702 2736 ornabat
735 2662 1126 2762 splendidior
1157 2665 1366 2738 cultus
1388 2709 1413 2744 ,
1450 2662 1840 2764 stipatusque
1883 2659 2269 2734 servulorum
2292 2686 2485 2736 manu

428 2760 653 2836 nescio
683 2761 1021 2861 quomodo
1064 2761 1396 2836 videbatur
1432 2766 1598 2850 Deae
1617 2767 1914 2836 Fortun:
1938 2756 2254 2860 placuisse.
2305 2763 2489 2836 Invi-

425 2863 564 2933 tavi
582 2859 1004 2934 nihilominus
1020 2883 1091 2933 ut
1113 2863 1178 2932 in
1201 2859 1552 2961 hospitium
1574 2860 1934 2935 succederet
1953 2886 2166 2933 meum
2208 2863 2480 2960 (quippe

424 2958 508 3033 ad
552 2959 788 3033 ostium
822 2965 1323 3045 occurret-amus)
1364 2959 1451 3033 ibi
1504 2987 1581 3034 ue
1612 2963 1864 3034 animos
1897 2960 2300 3058 expleremus
2336 2961 2485 3034 lon-

423 3061 598 3162 giori
617 3058 899 3134 absentia
923 3061 1120 3132 veluti
1141 3058 1436 3132 diuturna
1480 3084 1619 3133 ame
1640 3080 2019 3135 marcentes.

529 3162 739 3260 Igitur
751 3159 861 3233 ubi
881 3155 1281 3232 consedimus
1297 3207 1322 3243 ‚
1364 3156 1733 3259 primosque
1750 3156 2247 3256 consumpsimus
2262 3161 2479 3256 jocos,

424 3255 827 3358 interrogavi
847 3257 1376 3359 Theophrastum
1400 3307 1425 3346 ,
1465 3283 1603 3358 quae
1622 3257 1803 3330 illum
1827 3257 2075 3329 ratioin
2096 3283 2239 3333 eam
2260 3263 2480 3362 regio-

411 3379 582 3430 nem
597 3377 877 3434 teneret.
935 3359 1114 3433 Cum
1131 3356 1451 3440 erraffetn,
1470 3357 1707 3457 inquit,
1726 3381 1841 3456 per
1855 3356 2297 3434 diversissimas
2312 3384 2476 3459 gen-

424 3473 569 3538 tes,
592 3456 726 3530 &fi
889 3484 939 3531 ar
959 3455 1081 3531 suis
1100 3459 1276 3530 vitiis
1302 3454 1714 3556 displicerent
1734 3502 1756 3537 ,
1800 3458 2062 3530 tandem
2080 3456 2479 3532 hortantibus

424 3552 657 3627 amid-
690 3557 757 3627 in
877 3582 958 3629 nc
999 3555 1220 3630 urbem
1271 3556 1654 3656 admigravi,
1680 3555 1806 3627 ‘lbi
1832 3557 2146 3630 continuo
2165 3561 2476 3659 eloquens

366 3746 378 3758 ⁶
421 3647 560 3730 111111
573 3652 738 3731 visus
759 3703 787 3743 ,
807 3661 876 3728 81
900 3655 944 3729 fi
962 3655 1120 3759 quId
1139 3651 1451 3757 suffragiis
1470 3656 1697 3756 populi
1707 3654 2099 3744 credendum
2114 3656 2227 3742 est,
2253 3658 2470 3829 glind-

405 3811 410 3816 .
1207 3783 1216 3816 ἶ
2339 3780 2449 3830 um
