2738 4475
888 168 1604 258 rans-v.
2152 172 2311 263 8⁶7

260 292 379 350 effe
397 290 462 350 ad
478 288 834 350 mendacium
856 285 981 346 fidei
996 326 1012 352 ,
1047 288 1142 345 ubi
1158 286 1353 347 fabulae
1373 290 1439 346 ad
1459 288 1791 367 religionem
1808 286 1970 345 fimul
1993 325 2009 349 .
2028 291 2082 347 δι
2098 287 2163 344 ad
2176 307 2315 364 prae-

266 372 429 429 sentis
445 373 569 430 vitae
585 368 908 428 felicitatem
929 407 946 434 ‚
965 366 1281 426 conferunt.
1329 369 1455 434 Hic,
1470 367 1717 425 luetante
1731 366 1941 444 lingua,
1957 363 2205 424 osculum
2226 365 2309 425 illi

266 448 488 528 adfigit,
524 467 700 528 quem
739 466 875 505 mox
892 445 1167 504 occisurus
1182 448 1288 504 est:
1328 446 1420 504 ille
1438 488 1453 512 ,
1490 446 1816 503 dum-deum
1839 447 2057 502 Fidium
2077 448 2312 511 invocat,

265 531 575 586 amicitiam
613 525 815 585 violat:
865 525 999 582 al'ter
1017 565 1034 589 ,
1064 523 1233 582 effuse
1266 541 1471 583 rnoeret
1497 524 1772 583 adversam
1791 525 1847 582 in
1865 525 1975 581 alio
1993 526 2315 588 Fortunam,

312 627 442 665 uam
460 606 570 683 ipse
587 606 739 664 dedit
758 633 776 676 5
795 608 849 664 &
864 603 976 663 sera
993 604 1200 663 indicia
1214 602 1492 662 ambitiofi
1509 601 1748 665 affectus,
1767 601 1797 662 ὲ
1814 604 2077 680 lacrymis
2092 597 2309 682 quaerit:

263 625 388 743 {vi
400 687 617 762 judices
630 684 825 743 eodem
844 699 1140 742 momento
1159 724 1176 750 ,
1189 702 1304 761 quo
1320 684 1522 742 cuncTta
1537 683 1778 762 litiganti
1791 684 2319 759 promittunnmen-

264 765 569 823 dacitatem
589 766 899 822 minantur:
941 765 1192 822 advocati
1226 782 1517 840 nunquam
1550 761 1660 821 fine
1674 760 1763 839 spe
1778 762 2006 820 clientes
2022 759 2146 821 suos
2155 761 2314 821 deci-

268 845 438 921 piunt
455 866 468 900 ;
511 843 753 901 illudunt
766 842 1001 901 credulis
1016 855 1419 921 procuratores:
1438 843 1739 917 imponunt
1750 842 2031 920 Theologi
2046 842 2312 916 omnium

268 925 480 981 animis
501 964 519 988 ,
534 922 839 999 docentque
856 922 998 981 nulli
1016 923 1295 980 timendos
1312 916 1415 978 'effe
1430 922 1592 980 Deos,
1614 920 1723 979 hoc
1741 917 2067 979 dilemmate
2091 942 2104 977 :
2147 921 2202 976 Si
2221 921 2315 976 Dii

276 1001 408 1058 sunt
426 1038 443 1065 ,
457 1002 733 1078 inquiunt,
754 1007 808 1062 &
829 1002 924 1078 ipfi
939 1000 1191 1060 salutares
1207 1041 1224 1066 ,
1259 1019 1428 1059 nemo
1446 1000 1546 1057 nisi
1561 1000 1798 1058 furiosus
1813 1015 2030 1057 veretur
2046 998 2312 1057 salutaria:

266 1080 326 1137 si
346 1099 458 1137 non
472 1080 599 1139 sunt
615 1119 632 1145 ,
662 1080 894 1139 stultum
912 1082 987 1139 est
1003 1083 1202 1140 timere
1215 1080 1367 1158 quod
1388 1080 1605 1137 nonest.
1664 1079 1818 1156 Qid
1851 1079 2042 1155 plura?
2076 1078 2144 1135 ad
2173 1098 2307 1135 eum

265 1160 504 1236 gradum
528 1161 787 1237 pervicax
804 1160 970 1218 seculi
989 1159 1301 1239 perversitas
1317 1160 1505 1241 venit,
1541 1172 1606 1215 ut
1625 1157 1936 1219 humillimi
1953 1160 2123 1217 etiam
2155 1155 2314 1233 spiri-

268 1251 359 1294 tus
375 1237 638 1296 homines
656 1238 715 1295 in
731 1240 1040 1315 perjurium
1055 1240 1314 1318 loquaces
1333 1237 1439 1296 sint
1455 1278 1473 1303 ‚
1503 1242 1558 1296 ὅτ.
1590 1238 1651 1295 in
1680 1239 1923 1297 alienum
1946 1240 2216 1298 damnum
2236 1235 2317 1293 fa·

260 1317 457 1374 cundi.
499 1321 655 1376 Inter
671 1319 813 1376 male
833 1315 954 1377 sana
968 1335 1260 1396 parentum
1280 1331 1550 1394 praecepta
1563 1316 1856 1377 crescimus
1870 1356 1888 1381 ,
1904 1317 2060 1394 pueri
2077 1316 2316 1375 auditio-

268 1414 342 1451 ne
359 1394 671 1453 fabularum
690 1396 1029 1456 delectamur
1046 1439 1063 1463 ,
1089 1397 1238 1455 senes
1258 1398 1566 1453 narratione
1583 1417 1596 1452 ε
1640 1397 1781 1455 inter
1797 1394 1942 1454 lusus
1958 1401 2012 1455 ὃ(
2028 1394 2162 1453 seria
2175 1393 2319 1456 inse-

253 1475 449 1548 ‚rimus
469 1472 675 1531 falsum
696 1513 714 1538 ‚
748 1479 804 1534 δι
838 1477 1005 1533 tantis
1036 1476 1251 1549 injuriis
1265 1475 1472 1533 emitur
1487 1473 1723 1533 ambitio
1741 1516 1757 1541 ,
1787 1490 1848 1533 ut
1866 1474 1976 1533 fine
1993 1474 2316 1532 homicidiis

265 1549 412 1608 leves
426 1551 532 1608 fint
548 1553 749 1627 rapinae
765 1592 782 1616 ,
801 1557 857 1611 δε.
871 1551 1207 1612 extorsiones
1221 1552 1331 1609 fine
1346 1554 1584 1631 querela,
1600 1553 1692 1612 ubi
1715 1555 1925 1613 miseris
1938 1557 2104 1613 etiam
2122 1555 2318 1610 omnia

257 1644 475 1705 =praeter
493 1630 668 1686 vitam
688 1630 1019 1707 eripiuntur.
1079 1633 1323 1689 Avidum
1353 1634 1415 1689 in
1436 1631 1747 1692 humanum
1761 1654 1970 1712 genus,
2000 1632 2318 1691 &invicem

273 1704 377 1764 fibi
394 1706 607 1769 obstat3
635 1709 960 1787 quicunque
973 1711 1154 1786 rapuit
1170 1751 1187 1776 ,
1199 1711 1389 1768 alienae
1404 1712 1650 1771 aviditati
1667 1715 1965 1789 exponitur
1980 1737 1999 1780 ς
2029 1709 2181 1769 nulla
2196 1708 2319 1767 feli-

274 1786 411 1842 citas
427 1786 486 1843 in
503 1799 630 1844 tuto
644 1788 739 1844 est.
787 1787 1017 1847 Pessime
1030 1789 1240 1868 quippe
1255 1809 1384 1848 cum
1400 1791 1610 1849 virtute
1628 1792 1868 1850 vivimus
1881 1831 1900 1854 .
1920 1796 1973 1851 &
1990 1789 2239 1867 quisquis
2256 1788 2317 1845 in

263 1860 571 1921 solitudine
587 1864 685 1923 fibi
706 1867 980 1945 contigit,
1005 1866 1263 1947 languere
1279 1870 1340 1927 in
1355 1871 1478 1928 otio
1495 1870 1701 1928 dicitur
1717 1908 1733 1930 ‚
1762 1870 1997 1929 &inerti
2030 1870 2222 1926 animo
2253 1885 2317 1923 ea

265 1941 337 1999 de
349 1940 506 2000 causa
522 1943 991 2021 tranquillitatem
1007 1946 1246 2025 quaesisse
1258 1988 1276 2013 ‚
1303 1962 1367 2005 ut
1381 1947 1434 2005 se
1448 1947 1701 2009 civilibus
1719 1948 1958 2027 negotiis
1974 1947 2208 2023 eriperet
2227 1984 2243 2010 ‚
2261 1949 2318 2003 δε

268 2021 597 2080 imminenti
615 2026 930 2098 tempestati
951 2026 1149 2084 timide
1176 2025 1516 2085 subduceret.
1572 2031 1796 2106 Negant
1826 2025 2087 2085 mortales
2120 2024 2322 2087 caeteri,

269 2099 673 2179 philosophum
705 2100 869 2159 illum
903 2103 1009 2160 effe
1024 2142 1041 2167 .
1082 2106 1181 2179 qui
1212 2104 1240 2162 a
1261 2106 1488 2162 terrenis
1505 2107 1764 2162 animum
1783 2104 1996 2163 dimisit
2011 2104 2077 2160 ad
2094 2102 2205 2159 divi
2215 2122 2311 2159 na:

273 2180 491 2236 &inter
506 2178 738 2257 plausus.
753 2179 959 2259 quibus
979 2182 1337 2241 mendacium
1355 2183 1652 2259 excipitur,
1669 2182 1827 2259 luget
1845 2185 2147 2240 Veritatem
2167 2200 2315 2237 non-

270 2258 410 2316 dum
428 2260 773 2334 postliminio
790 2260 1020 2319 rediiss‘e.
1062 2260 1421 2319 Dialecticam
1442 2281 1564 2318 eam
1584 2276 1803 2318 tantum
1821 2261 2127 2319 admittunt
2148 2299 2163 2323 ,
2189 2279 2318 2338 quae

274 2334 386 2393 luci
407 2339 871 2415 tenebrasingerit
889 2378 907 2403 ‚
943 2354 1002 2396 ut
1022 2338 1203 2398 fallat:
1246 2359 1369 2417 quae
1404 2340 1920 2397 ratiocinationibus
1935 2379 1953 2404 ‚
1995 2355 2058 2396 ut
2092 2353 2312 2414 vocant.

272 2412 381 2473 suis
398 2417 589 2476 obruit
602 2417 874 2475 rationem
894 2456 912 2482 ‚
938 2421 994 2476 ὃ(
1024 2418 1310 2477 intentum
1341 2419 1640 2476 vanissimis
1655 2417 1984 2494 syllogismis
2000 2418 2313 2475 auditorem

271 2494 340 2550 ad
367 2494 685 2569 decipulam
718 2495 887 2552 ducit.
946 2496 1197 2553 Laudant
1228 2495 1526 2571 Phyficam‘
1546 2495 1577 2554 ὲ
1614 2499 1778 2574 nugis
1795 2497 2087 2553 Poetarum
2107 2510 2312 2556 ortam.

273 2591 402 2704 quse
421 2610 439 2632 ,
459 2574 599 2628 dum
615 2571 732 2627 solo
754 2575 981 2629 Naturae
996 2571 1305 2647 spedhculo
1322 2574 1541 2651 respirat
1561 2615 1577 2639 ,
1592 2595 1705 2632 non
1726 2576 1937 2632 invenit
1954 2576 2137 2630 Deum
2158 2596 2170 2630 ι
2213 2575 2264 2629 8(
2285 2570 2316 2630 a

302 2650 409 2704 eris
425 2689 443 2713 ,
459 2666 595 2725 quas
612 2649 737 2706 suus
751 2650 1037 2707 instinCtus
1052 2651 1117 2708 ad
1134 2653 1326 2709 omnia
1342 2671 1530 2713 movet
1546 2694 1561 2717 .
1579 2653 1814 2711 didicere
1835 2651 2155 2710 violentiam
2175 2690 2191 2714 ,
2208 2668 2311 2706 ca:-

277 2727 391 2785 des.
410 2726 633 2785 furta-&t
645 2726 747 2784 alin
767 2729 1076 2803 secleraqui
1088 2731 1180 2785 iius
1204 2732 1328 2785 mali
1338 2751 1444 2805 gna
1458 2733 1758 2791 mortalitas
1772 2732 2014 2790 ubertim
2032 2732 2316 2808 restagnat.

278 2805 436 2875 Quid
453 2804 635 2863 dicam
654 2805 723 2863 de
741 2808 1003 2881 Metaphjs
1016 2809 1112 2863 [ici
1136 2811 1150 2859 Ρ
1170 2829 1336 2883 quam
1357 2811 1480 2867 ideo
1497 2831 1769 2889 recepere,
1789 2831 1901 2870 non
1920 2826 1981 2868 ut
2001 2800 2185 2867 Deum
2207 2808 2312 2865 css'e

271 2884 655 2943 ostenderent:
681 2883 771 2942 sed
791 2902 849 2942 ut
869 2887 1096 2960 simplici
1108 2894 1198 2944 tati
1218 2891 1494 2948 delirantis
1513 2891 1701 2966 populi
1718 2890 2107 2948 obscurissimis
2126 2887 2314 2945 nomi-

269 2962 435 3022 nibus
455 3003 472 3029 ,
492 2968 546 3023 &
565 2982 851 3100 nugariam
875 2968 1001 3022 intel
1017 2968 1180 3026 lccss'tiffi
1204 2970 1416 3027 infidias
1434 2972 1699 3027 struerent
1717 2994 1728 3028 :
1749 2976 1805 3029 ὃς
1822 2970 1980 3030 ideas,
1997 2969 2308 3028 materiam.

268 3041 636 3109 formam‚tra
728 3047 1452 3105 endentia.introductiones
1469 3047 1783 3106 formarum
1805 3088 1821 3112 ,
1837 3045 2117 3104 essentiam
2141 3083 2157 3104 .
2174 3047 2226 3101 &
2244 3044 2308 3099 fi·

274 3121 433 3178 milia
450 3161 468 3186 ‚
499 3123 649 3180 vitiis
679 3120 783 3181 suis
817 3125 1320 3183 accommodarent.
1379 3128 1525 3203 Qae
1554 3129 1749 3183 onmia
1763 3123 1978 3183 facilius
1992 3123 2257 3179 creduntu
2267 3142 2318 3187 r,

276 3200 409 3273 quia
426 3218 540 3256 non
555 3201 842 3260 videntur:
889 3206 944 3261 δι
962 3202 1163 3260 fortius
1179 3203 1514 3262 inconsultas
1531 3223 1683 3262 aures
1698 3202 1939 3280 implent
1954 3243 1973 3266 ,
1999 3207 2052 3281 ξι
2072 3203 2317 3277 rapiunt,

274 3277 549 3354 quoniam
570 3277 812 3336 humana
828 3279 1091 3357 fragilitas
1109 3279 1173 3340 ad
1189 3282 1356 3340 dubia
1371 3286 1426 3341 ἂ
1443 3281 1570 3342 falsa
1586 3282 1678 3340 sua
1693 3282 1889 3358 sponte
1911 3277 2038 3352 incli
2050 3296 2156 3337 nat.
2294 3285 2300 3291 '
2358 3298 2362 3305 ’

358 3356 594 3412 Accedit
608 3357 673 3412 ad
691 3376 756 3413 ea
776 3361 829 3415 &
848 3373 1108 3436 quartum
1128 3378 1303 3436 genus
1321 3360 1716 3437 Philosophiae,
1734 3360 1884 3438 quod
1906 3358 2119 3419 Morale
2132 3357 2312 3434 appel-

271 3437 425 3495 latur
442 3455 457 3492 ι
504 3436 560 3491 ὅ(
576 3452 704 3490 cum
723 3435 885 3492 multi
908 3437 1010 3493 sint
1023 3476 1043 3502 .
1060 3440 1160 3515 qui
1180 3440 1335 3496 variis
1351 3443 1633 3516 praeceptis
1649 3453 1833 3496 tenera
1852 3439 2210 3496 formaverint
2229 3439 2313 3494 in·

271 3519 442 3650 genia
459 3552 477 3577 ‚
492 3509 634 3568 solus
651 3511 974 3571 Theodorus
989 3517 1046 3573 in
1061 3519 1239 3591 pretio
1254 3518 1329 3575 est
1346 3557 1363 3578 ‚
1393 3520 1492 3595 qui
1510 3519 1749 3577 affirmat
1769 3537 1892 3582 ,om
1902 3520 1985 3574 nia
2001 3520 2236 3576 crimina
2252 3519 2316 3574 in

296 3595 581 3668 apientem
598 3591 763 3648 etiam
777 3610 907 3648 cum
930 3593 1082 3650 laude
1098 3595 1283 3653 cadere
1298 3597 1445 3670 poss'e
1463 3620 1477 3655 ·.
1518 3599 1630 3655 oris
1660 3601 1712 3654 &
1730 3595 1946 3654 habitus
1968 3598 2317 3660 modestiam.

274 3671 608 3746 famamque
623 3668 882 3727 affeffitatae
897 3669 1192 3731 fiandtitatis
1209 3714 1227 3739 ‚
1263 3693 1378 3731 non
1413 3676 1586 3732 modo
1603 3674 2028 3734 sceleratissimos
2041 3674 2320 3736 excusare,

266 3750 358 3811 sed
391 3754 448 3811 ὃς
480 3749 825 3818 contentiose
840 3789 862 3815 ‚
901 3766 1200 3831 antequam
1231 3751 1342 3811 fata
1372 3749 1593 3827 poscant
1607 3795 1625 3822 ,
1665 3752 1965 3814 adscribere
2003 3775 2095 3812 eos
2138 3753 2306 3809 coelo.

1312 3833 1368 3889 N
1391 3850 1425 3889 n
1464 3852 1506 3905 4
2096 3835 2324 3906 Impro-
