2738 4475
449 244 597 344 488
919 208 1440 316 Eunt-tonui
1490 222 2000 317 Sita-rnre}

450 391 724 444 trantur.
792 368 1060 468 Quippe
1090 370 1187 440 illi
1217 368 1465 467 antiqui
1496 364 1654 439 dum
1691 365 1998 441 interiore
2019 394 2162 444 cura
2178 373 2362 454 rudes
2378 401 2514 475 po-

459 473 648 569 pulos
684 467 937 541 student
974 466 1439 541 mansuetudini
1473 460 1839 565 caeterisque
1870 473 2214 545 conciliare
2242 477 2507 547 virtuti-

458 570 578 643 bus
600 619 623 655 ‚
658 565 873 639 statim
891 560 1059 637 faita
1076 566 1173 640 est
1194 567 1378 641 civili
1393 561 1824 663 Philosophiae
1843 568 2044 667 origo
2063 600 2083 643 ε
2118 572 2256 645 dum
2274 597 2497 647 mutua

459 668 881 741 contentione
903 667 1197 764 proveffi
1211 666 1337 738 hoc
1355 667 1463 738 vel
1481 663 1636 737 illud
1663 671 1900 763 populo
1922 666 2322 765 persuadent,
2355 676 2492 772 pri-

459 794 591 842 mae
602 767 990 868 eloquentiae
1007 788 1156 838 nata
1176 767 1297 840 vis.
1321 768 1636 865 Denique
1657 765 2061 842 historiarum
2085 795 2494 846 monumenta

456 869 717 940 illorum
738 884 1026 938 veterum
1044 866 1445 964 prudentiam
1464 911 1487 947 ‚
1525 884 1719 962 atque
1736 866 1895 937 astus
1910 914 1936 951 ‚
1959 893 2231 943 narrant
2247 871 2491 944 hodier-

452 969 560 1042 nis
575 965 869 1047 literatis,
891 973 1194 1077 tanquam
1211 962 1250 1035 s
1241 962 1666 1037 accessoribus
1682 1010 1708 1045 ,
1741 963 1784 1036 fi
1805 973 1868 1039 &
1886 965 1997 1063 ipfi
2020 971 2277 1043 molem
2302 997 2503 1071 nego-

460 1067 700 1138 tiorum
725 1060 889 1135 ferre
911 1067 1157 1162 poliunt
1178 1097 1202 1156 3
1241 1064 1331 1136 fin
1355 1085 1568 1136 autem
1582 1064 1801 1134 animo
1817 1089 1947 1136 non
1964 1063 2102 1137 sunt
2118 1066 2198 1137 ad
2220 1095 2327 1142 res
2346 1071 2510 1147 civi?

459 1165 843 1264 les-idoneo,
863 1183 1163 1261 tanquam
1186 1161 1548 1235 custodibus
1565 1168 1633 1233 δε
1651 1160 1897 1235 aedituis
1917 1164 2190 1261 antiquat
2207 1169 2504 1244 virtutis.

449 1290 618 1338 nam
636 1260 965 1336 historiam
984 1263 1064 1335 ad
1082 1261 1277 1333 solam
1299 1263 1906 1357 contemplationem
1930 1267 2158 1364 legere,
2184 1267 2400 1338 inanis
2427 1276 2504 1342 δι

464 1361 684 1436 ociosa
700 1363 993 1457 voluptas
1008 1361 1101 1433 est
1125 1410 1143 1440 ‚
1185 1392 1323 1460 quae
1349 1364 1569 1460 absque
1593 1355 1792 1431 ftuftu
1810 1366 2028 1434 transit
2052 1392 2068 1430 τ
2122 1366 2357 1436 imitari
2379 1392 2498 1439 au·-

463 1485 603 1536 tem
622 1460 905 1535 laudatos
921 1461 1081 1534 olim
1106 1466 1278 1535 viros
1296 1506 1318 1543 ‚
1358 1488 1512 1535 vcra
1543 1471 1610 1533 &
1644 1462 1896 1559 publica
1927 1464 2196 1535 eruditio
2223 1458 2489 1557 censen-q

459 1562 549 1637 da
577 1562 699 1638 est.
1069 1572 1075 1576 “
1322 1598 1327 1602 ·

565 1661 890 1765 Equidem
925 1688 1059 1735 non
1111 1664 1482 1766 negaverim
1505 1714 1529 1749 ,
1559 1662 1722 1736 illnd
1740 1661 2006 1738 demum
2020 1660 2370 1737 absolutum
2387 1658 2511 1734 effe

469 1763 804 1865 ingenium
826 1815 850 1850 ‚
870 1764 1042 1864 quod
1065 1766 1145 1836 ad
1163 1763 1625 1863 rempublicam
1646 1765 1957 1860 simulque
1971 1759 2261 1834 scientias
2276 1758 2511 1834 fastum

466 1862 573 1935 fit.
625 1869 825 1938 Tunc
843 1865 1084 1962 quippe
1104 1884 1321 1936 mutuo
1339 1863 1578 1935 auxilio
1599 1862 1702 1935 hae
1722 1862 1910 1933 dotes
1936 1857 2084 1932 sein
2107 1863 2340 1933 coelum
2358 1858 2509 1957 ipsas

464 1967 799 2036 attollunt.
852 1965 1058 2062 Regit
1075 1966 1247 2035 enirn
1267 1966 1504 2043 literas,
1524 1986 1610 2034 ne
1624 1962 1977 2060 ineptiant,
1998 1983 2111 2032 ant
2129 1956 2504 2045 sordescant,

466 2060 758 2134 firblimis
793 2069 860 2133 δι
899 2064 978 2132 ad
1007 2059 1098 2133 sui
1131 2059 1322 2134 seculi
1356 2085 1603 2134 morem
1620 2057 1895 2132 formata
1912 2061 2274 2147 calliditas3
2322 2084 2515 2161 quam

468 2160 753 2232 invicem
786 2162 988 2231 literae
1029 2183 1279 2233 armant
1298 2213 1322 2249 ‚
1357 2187 1439 2234 ne
1457 2162 1731 2258 expertis
1751 2180 2007 2234 tantum
2031 2159 2262 2245 rebus,
2304 2159 2516 2260 suique
2569 2182 2588 2200 ⁸

468 2261 784 2355 temporis
806 2261 1039 2331 notitia
1057 2264 1295 2334 nitatur
1311 2309 1332 2345 ‚
1382 2258 1486 2335 sed
1519 2262 1741 2359 peritia
1780 2284 2049 2362 quoque
2087 2269 2160 2335 δι
2198 2260 2509 2332 laboribus

466 2359 893 2456 antiquitatis.

495 2513 500 2521 ‚
573 2459 803 2559 Siquis
820 2481 1039 2534 tamen
1059 2506 1082 2542 ‚
1125 2460 1530 2534 utinterdum
1551 2458 1624 2533 fit
1641 2516 1661 2544 ,
1695 2459 1965 2558 publica:
1986 2461 2207 2537 luci&
2223 2458 2505 2553 juvanda:

554 2561 691 2632 triae
711 2561 978 2634 idoneus
994 2588 1126 2633 non
1146 2561 1372 2634 eadem
1393 2558 1697 2632 felicitate
1718 2563 1754 2631 ὲ
1777 2558 1979 2634 Musis
2014 2561 2322 2634 amabitur
2339 2604 2365 2640 ,
2399 2558 2502 2629 ni-

525 2659 823 2731 'lominus
878 2661 1154 2735 celfioris
1208 2659 1451 2732 ordinis
1489 2667 1568 2734 ’δι
1607 2659 1951 2758 elegantiae
1991 2659 2343 2734 censendus
2376 2655 2469 2730 est
2484 2707 2511 2743 ,

472 2780 663 2850 quam
703 2760 811 2851 qui
834 2758 1136 2830 duntaxat
1156 2761 1431 2859 argutias
1450 2759 1804 2833 umbratilis
1822 2760 1952 2831 ludi
1971 2809 1993 2843 ,
2036 2766 2104 2830 δε
2120 2784 2263 2857 qnae
2277 2779 2510 2828 caetera

468 2852 538 2921 in
562 2848 812 2923 scholis
833 2855 1185 2928 edocentur
1202 2905 1225 2942 ,
1261 2884 1491 2956 capere
1520 2859 1729 2956 potest
1753 2905 1776 2941 ‚
1797 2861 2013 2954 inepto
2031 2857 2107 2927 ad
2125 2858 2351 2927 civiles
2369 2854 2501 2924 dis-

471 2950 741 3047 ciplinas
762 2953 979 3026 animo
1003 3001 1025 3035 ,
1056 2979 1197 3053 quae
1233 2957 1632 3052 potiffimum
1665 2954 1774 3036 usu
1807 2953 2112 3028 constant.
2182 2951 2374 3023 Adeo
2418 2970 2491 3021 ut

473 3074 609 3123 non
631 3053 973 3151 perjocum
990 3057 1195 3155 magis
1215 3079 1407 3153 quam
1441 3083 1521 3128 ex
1565 3054 1978 3154 Philosophiae
2015 3071 2338 3151 praecepto
2367 3053 2502 3122 Fa-

472 3155 732 3226 vorinus
766 3152 1091 3228 scientiam
1129 3154 1400 3227 Adriani
1437 3159 1702 3228 metitus
1726 3155 1801 3229 fit
1815 3180 1890 3227 ex
1910 3150 2356 3253 magnitudine
2376 3177 2508 3248 po-

473 3251 744 3325 testatis.
789 3259 812 3295 ⁸
837 3252 1150 3327 Adrianus
1184 3261 1550 3354 Imperator
1583 3251 1826 3329 famam
1866 3250 2140 3327 scientiar
2160 3250 2503 3419 quaerpbat,

2250 3359 2321 3424 &
2367 3371 2505 3420 orte

519 3521 523 3525 .
548 3497 573 3532 r
612 3481 856 3534 Adrianus
881 3492 1114 3556 luperam
1127 3491 1301 3551 soum
1309 3488 1459 3551 stim·
1518 3499 1617 3536 tare
1629 3483 1810 3537 solebat
1822 3515 1841 3544 ‚
1860 3483 1907 3536 se
1924 3487 2117 3537 Gallum
2130 3477 2373 3564 grniffare
2383 3481 2499 3558 ζεῦ·

475 3549 549 3600 u'ae
679 3552 774 3600 ebat
788 3587 802 3606 .
824 3557 1006 3617 &fam
1017 3558 1068 3604 in
1082 3560 1333 3606 tractim
1345 3555 1450 3604 Plu·-
1521 3553 1725 3605 nuchum
1740 3553 1988 3605 moechum
2000 3568 2154 3621 putari
2169 3584 2186 3609 ,
2204 3551 2255 3600 δι
2269 3551 2503 3599 inimum

467 3617 543 3680 tofi
599 3619 1040 3688 mincisiems,&c.]
1058 3622 1148 3674 Iste
1158 3618 1453 3691 pbilolbphus
1522 3623 1800 3690 Imperatori
1827 3622 2003 3673 vivere.
2051 3621 2130 3671 Ob
2163 3633 2305 3687 quan
2332 3609 2508 3665 causan

476 3686 664 3734 Arelate
676 3685 919 3747 oriundus,
942 3692 1112 3741 Dionis
1134 3691 1456 3754 auditor,prae-
1519 3688 1663 3741 statua
1689 3691 1789 3748 eius
1808 3689 2009 3749 disice-a
2025 3688 2230 3737 Athenis
2249 3719 2263 3742 ,
2291 3683 2372 3734 ubi
2388 3684 2509 3734 vive·

474 3763 599 3814 terea
626 3755 868 3806 manchus
886 3788 903 3811 ‚
937 3759 987 3807 δι
1016 3758 1230 3809 Adriano
1255 3757 1456 3823 Principi
1518 3757 1621 3807 bat.
1654 3763 1792 3808 Hunc
1807 3748 2013 3807 Herodes
2037 3756 2224 3806 Atticus
2243 3745 2511 3818 parmasu-

475 3817 679 3875 infensus
693 3821 799 3874 fuit.
847 3823 963 3875 Ideo
980 3827 1069 3878 tria
1083 3825 1141 3879 de
1153 3824 1197 3879 sc
1215 3827 1333 3881 mira
1347 3840 1452 3876 nar-
1516 3825 1643 3878 lebat
1673 3827 1899 3895 appellate
1914 3857 1934 3884 ,
1967 3825 2199 3891 naresque
2211 3815 2518 3937 libzrpamstss
