2738 4475
460 163 662 298 ⁵546
981 159 1509 276 turnum.
1544 201 2097 281 Str-trater

504 308 851 411 captasque
885 309 1142 385 rudibus
1172 311 1385 387 verbis
1403 311 1587 410 leges
1607 368 1632 397 ‚
1654 314 1940 388 nuncin
1964 308 2387 400 cantionem
2415 323 2596 387 nune

511 411 583 485 in
602 410 825 490 dolum
845 460 870 495 ,
912 412 1376 509 contemplati,
1415 410 1524 484 vix
1557 435 1835 512 unquam
1873 416 2147 512 puriori
2171 414 2424 486 scientia
2443 413 2593 483 ani-

518 538 661 588 mos
684 512 982 612 mitigant
1001 531 1107 583 aut
1125 512 1454 582 attollunt.
1499 515 1518 546 ¹
1539 515 1798 611 Anglia‚
1829 539 1992 612 quae
2013 512 2255 599 Musas,
2277 522 2341 588 &
2362 510 2584 584 studia

515 615 839 689 literarum
859 660 881 697 ,
901 607 1362 707 superbiffimis
1383 610 1863 688 Academiarum
1884 613 2110 685 tediis
2134 614 2391 712 excepit,
2418 634 2575 709 quae

510 709 1208 810 opulenta’hereditate
1244 709 1385 781 haec
1423 708 1812 783 scientiarum
1847 708 2218 787 domicilia
2234 772 2258 801 ‚
2306 713 2463 784 velut
2481 709 2561 780 in

516 813 944 894 aeternitatem
960 809 1346 881 eruditionis
1365 856 1390 893 ,
1413 807 1686 896 ditavit,
1721 814 1926 911 legum
1944 808 2216 885 suarum
2234 804 2556 891 studiosos,

508 908 937 1012 patronosque
955 904 1273 983 causarum
1282 955 1314 994 ,
1334 907 1488 981 ideo
1507 935 1642 984 non
1662 909 1873 1009 potest
1890 912 2150 985 Latinae
2167 907 2548 1009 eloquentia

509 1033 613 1084 aut
640 1007 1070 1109 Philosophiae
1090 1008 1492 1082 humanitate
1511 1009 1866 1098 adornare,
1895 1010 2029 1108 quia
2069 1011 2143 1080 in
2179 1008 2270 1080 iis
2303 1008 2555 1110 legibus

506 1114 753 1189 null'um
771 1111 1061 1183 Romani
1074 1109 1230 1207 juris
1245 1107 1413 1182 inest
1431 1129 1537 1180 aut
1554 1107 2154 1208 periteantiquitatis
2173 1107 2557 1205 vestigium.

512 1213 781 1285 Gallico
804 1208 1099 1282 sermone
1117 1230 1454 1307 conceptae
1472 1208 1616 1281 sunt
1635 1268 1654 1297 ,
1679 1207 1897 1309 prisco
1907 1209 2040 1292 illo,
2053 1210 2114 1278 δι
2130 1226 2318 1306 quem
2339 1207 2410 1276 in
2430 1228 2549 1275 an-

507 1310 876 1411 tiquiffimis
911 1308 1274 1386 auctoribus
1293 1331 1400 1381 aut
1419 1309 1821 1410 negligimus
1842 1330 1948 1383 aut
1964 1308 2242 1384 ridemus.
2289 1306 2360 1379 si
2426 1301 2547 1376 uid

508 1410 813 1510 scriptum
828 1409 923 1491 est
942 1409 1153 1483 verbis
1171 1410 1242 1481 in
1261 1406 1615 1483 hodiernos
1635 1408 1781 1482 usus
1806 1408 2183 1495 durantibus,
2195 1405 2314 1479 boc
2329 1332 2548 1503 ipqsum

510 1509 819 1610 impolito
838 1510 1144 1583 duntaxat
1162 1531 1473 1591 accentu,
1517 1516 1583 1583 δι
1609 1508 2091 1608 pronunciandi
2105 1530 2297 1581 errore
2315 1554 2338 1588 ‚
2363 1503 2539 1576 suum

510 1611 825 1690 fecerunt.
881 1617 960 1683 ln
978 1608 1144 1697 banc
1161 1629 1369 1682 artem
1388 1608 1697 1683 institutis
1714 1636 1866 1683 raro
1883 1610 2147 1706 majoris
2162 1604 2418 1681 scientia
2438 1629 2544 1677 cu-

515 1738 583 1786 ra
597 1712 689 1786 est
709 1757 730 1793 ‚
755 1720 821 1785 δι
844 1731 910 1781 ut
930 1711 1276 1806 plurimum
1296 1734 1420 1782 nec
1443 1709 1661 1781 Latini
1679 1708 1999 1785 sermonis
2017 1711 2342 1786 elementa
2360 1703 2556 1804 perdi·

513 1810 721 1896 scunt.
792 1812 956 1885 Satis
976 1809 1056 1883 ad
1073 1808 1518 1884 advocationis
1541 1808 1979 1883 rudimentum
2000 1828 2253 1906 putatur
2267 1853 2291 1887 ,
2328 1801 2559 1904 priscos

515 1915 667 1989 illos
702 1910 961 1994 codices
996 1911 1227 2010 legere·
1248 1907 1470 2007 posse,
1508 1916 1574 1981 ἃ
1611 1910 1939 2008 loquendo
1956 1928 2380 2001 corrumpere.
2457 1908 2563 1975 Ita

511 2014 754 2088 initiati
771 2007 1205 2091 adolescentes
1223 2009 1292 2081 in
1310 2009 1604 2106 collegiis
1615 2007 1916 2102 ejusmodi
1933 2005 2308 2104 argutiarum
2324 2022 2561 2101 agunt,

514 2115 853 2209 multoque
872 2132 1171 2207 tempore
1186 2158 1212 2196 ,
1235 2109 1705 2206 provefflorum
1724 2106 2062 2203 colloquiis
2087 2158 2111 2188 ‚
2137 2109 2205 2175 &
2229 2098 2370 2186 usu,
2387 2102 2560 2174 edo·

517 2232 746 2285 centur
768 2239 786 2283 ε
840 2234 990 2288 nam
1032 2230 1153 2282 nee
1193 2207 1460 2283 modico
1495 2208 1690 2280 artatis
1727 2200 2056 2302 dispendio
2073 2223 2214 2276 tam
2230 2200 2557 2278 laboriosa

512 2334 610 2381 ars
626 2355 650 2391 ,
674 2315 743 2382 &
766 2328 869 2380 tot
886 2306 1109 2383 diffusa
1128 2310 1193 2381 in
1286 2311 1429 2395 niis,
1455 2306 1719 2382 constat.
1752 2308 1910 2381 Non
1924 2304 1996 2377 in
2016 2328 2094 2375 ea
2113 2304 2396 2403 regione
2414 2329 2555 2377 cer·

515 2412 647 2481 tior
666 2409 747 2484 ad
767 2407 1021 2484 divitias
1045 2408 1146 2483 via
1162 2335 1282 2483 est.
1362 2407 1627 2505 Qippe
1665 2411 1727 2474 A
1810 2407 1894 2474 lia
1926 2402 2008 2478 ab
2025 2406 2312 2479 externis
2331 2405 2553 2503 quieta

513 2509 865 2588 terroribus
894 2558 912 2591 ‚
932 2504 1202 2610 seipsam
1220 2511 1748 2580 contentionibus
1792 2509 1920 2587 011,
1946 2505 2110 2578 baud
2126 2505 2398 2579 multum
2416 2505 2551 2576 im-

514 2613 654 2710 pari
674 2611 841 2685 eladi
860 2661 885 2698 ,
906 2607 1191 2709 permisit
1217 2638 1236 2684 ε
1297 2615 1389 2680 At
1417 2635 1559 2680 cum
1589 2633 1892 2706 praeterea
1914 2607 2134 2682 eximii
2149 2602 2552 2707 magistratus

514 2713 583 2782 in
604 2711 941 2809 praemium
963 2711 1131 2781 illius
1157 2706 1441 2780 scientiae
1467 2710 1864 2784 destinentur
1888 2760 1910 2794 ,
1946 2710 2040 2783 nil
2080 2707 2313 2783 mirum
2352 2703 2445 2780 est
2459 2705 2559 2778 in-

509 2831 762 2905 genuos
782 2803 1222 2880 adolescentes
1242 2810 1382 2902 ejus
1411 2810 1625 2883 studio
1644 2813 1832 2910 capi3
1882 2812 2047 2884 adeo
2086 2829 2155 2882 ut
2177 2808 2342 2879 nulla
2358 2807 2431 2878 fit
2445 2831 2554 2903 pa-

512 2904 845 2978 triciorum
866 2928 1028 3004 gens
1056 2955 1082 2989 ,
1116 2932 1258 3004 quae
1300 2932 1438 2980 non
1458 2904 1875 3008 cognationis
1891 2908 2078 3006 jur-ea
2145 2906 2312 2978 uoin
2333 2905 2551 2975 litibus

507 3000 868 3078 sublevetur
888 3006 1195 3078 inveniat.
1243 3005 1589 3098 Ejusmodi
1609 3012 1964 3086 Advocatis
1978 3066 1998 3093 ,
2022 2934 2208 3081 vestis
2226 3003 2316 3079 est
2332 3005 2397 3075 iu
2413 3000 2549 3101 spe·

510 3106 727 3179 cimen
747 3102 865 3177 suae
884 3107 1033 3177 artis
1055 3164 1074 3190 ,
1122 3105 1197 3176 ad
1224 3106 1422 3204 pedes
1444 3109 1776 3204 pertinens
1793 3157 1816 3192 ,
1841 3131 1988 3182 toto
2006 3105 2290 3207 margine
2310 3151 2334 3187 ,
2351 3127 2553 3202 quan-

509 3208 737 3279 tumin
759 3202 1174 3303 conspestum
1196 3205 1412 3303 prodit
1433 3252 1457 3286 ,
1494 3212 1765 3305 gentilis
1799 3209 2080 3283 cuniculi
2111 3202 2553 3307 pellesuffulta.

512 3309 709 3381 Hanc
732 3315 797 3379 &
821 3306 1001 3377 domi
1022 3299 1357 3379 subsidium
1382 3366 1402 3392 ,
1430 3313 1497 3378 δε
1525 3332 1996 3385 ornamentum
2015 3307 2271 3411 publice
2290 3304 2547 3396 habent3

576 3516 603 3553 ι
646 3505 859 3570 Aegia,
882 3522 977 3572 φα
994 3507 1145 3572 Musae
1160 3502 1498 3572 ‚cy-stamu-
1557 3505 1665 3558 licis
1699 3504 1792 3557 effe
1816 3522 1978 3576 puta,
2015 3506 2326 3582 quippeqmd
2342 3509 2548 3558 Rorman-

502 3581 695 3620 nraermn
716 3573 1031 3637 superhissimiae
1055 3575 1399 3627 ,Academia-n
1430 3582 1494 3625 ee⁵
1561 3574 1636 3625 nis
1675 3579 1726 3626 δι
1758 3579 1923 3630 Gallis
1973 3583 2210 3650 Anglium
2260 3574 2553 3630 invadentffion

503 3637 588 3690 Hie
598 3640 817 3716 erupit-l
856 3645 932 3690 De
949 3644 1127 3711 anglia:
1144 3642 1410 3694 Academiis
1427 3644 1495 3695 su·
1558 3640 1815 3694 hassorum
1827 3644 1970 3714 leges
1983 3651 2247 3701 attulerint
2261 3647 2431 3701 Gallico
2444 3642 2560 3693 idio·

561 3722 590 3756 a
602 3705 781 3759 dietum
796 3705 883 3759 est.
912 3710 1018 3774 Jam
1034 3710 1161 3779 quod
1175 3711 1232 3760 ad
1247 3712 1369 3778 leges
1386 3742 1406 3769 ,
1443 3712 1493 3760 aa
1564 3726 1691 3763 mate
1704 3709 1783 3763 sod
1795 3717 1955 3768 veteri
1968 3714 2196 3788 scriptas.

485 3721 705 3843 gamm
720 3776 1003 3845 litigationis
1019 3811 1037 3839 a
1057 3777 1242 3835 easdem
1254 3794 1365 3847 cum
1381 3779 1493 3834 Gal·

679 3897 683 3904 .
2466 3860 2490 3898 t
2518 3852 2571 3898 B
