2738 4475
964 258 1659 335 PARSV.
2175 262 2323 358 649

281 396 375 441 tet
388 397 591 442 arcana.
656 377 759 437 Sed
790 379 1037 438 amicitia
1064 379 1202 436 inter
1219 376 1451 454 dispares
1465 379 1744 438 contra&
1758 376 1997 436 deformi
2013 378 2185 436 exitio
2202 379 2323 457 ple·

287 478 533 538 rumque
550 458 790 518 foedatur
814 497 830 523 ,
854 461 909 515 &
926 458 1065 516 nihil
1082 459 1158 514 est
1175 461 1347 514 tutius
1361 460 1421 515 in
1436 457 1784 515 societatibus
1799 455 2122 534 aequalitate.
2182 459 2320 516 Sub·

296 538 399 596 diti
419 577 435 603 ‚
471 541 531 597 in
563 556 808 615 quorum
840 537 1112 595 auxilium
1143 534 1401 593 foelicitas
1427 535 1676 598 festinat.
1720 527 2092 593 fatstiliaritate
2115 538 2322 610 princi-

295 620 383 693 pis
402 615 545 673 male
561 632 772 674 utentes
788 631 879 675 aut
893 617 1215 691 capiuntur.
1246 629 1341 672 aut
1354 613 1596 689 capiunt.
1653 616 1721 670 Et
1751 612 2018 690 liquando
2051 615 2231 691 Reges
2263 617 2323 673 in

294 714 419 751 eam
438 693 816 753 humilitatem
836 693 1035 750 venei-e
1054 707 1115 748 ut
1134 693 1351 768 dignati
1369 693 1575 749 fuerint
1594 693 1969 770 impotentem
1999 694 2328 759 amicitiaim

293 773 480 831 statim
512 793 607 830 eos
633 787 724 831 aut
754 771 983 848 perfidia
1015 769 1292 827 malorum
1323 772 1632 829 amicorum
1665 770 1964 838 subvertit3
2004 786 2097 828 aut
2116 771 2328 830 invidia

294 850 645 928 reliquorum
678 854 776 929 qui
806 850 872 907 ad
898 850 1153 906 eamdem
1184 849 1566 906 auctoritatem
1599 846 1896 926 suspirant,
1937 867 2076 926 quos
2114 865 2325 912 amant.

300 936 639 1004 praematuris
654 925 934 986 funeribus
949 925 1262 985 involvunt.
1304 927 1462 1003 Qid
1482 947 1580 984 vos
1593 927 1660 985 ad
1676 926 1927 1004 exempla
1944 929 2330 1003 propositionis
2359 941 2364 948 ’

302 1008 606 1066 certissimae
621 1009 846 1066 mittam
864 1048 882 1073 ,
919 1027 1042 1085 quae
1068 1018 1162 1063 aut
1204 1005 1523 1064 facilitatem
1572 1025 1769 1083 regum
1819 1006 2196 1081 oppress‘erunt
2240 1008 2329 1064 in—

306 1085 741 1150 elussubilifatm
781 1101 873 1143 aut
886 1101 1097 1143 amatos
1110 1083 1427 1141 subditosin
1446 1096 1572 1141 vota
1626 1085 1914 1160 aupertatis
1926 1087 2329 1163 co'e'gerunt‚&

305 1167 502 1221 mortis
514 1203 531 1229 ‚
545 1179 704 1221 extra
716 1165 1085 1234 calamitatem
1105 1161 1372 1221 infamiae?
1389 1165 1539 1220 Inter
1550 1105 1683 1220 alios
1696 1162 1901 1238 placuit
1914 1161 2045 1220 huic
2061 1165 2182 1240 regi
2193 1165 2328 1240 Api-

303 1242 447 1299 stum
475 1241 777 1320 quemdam
806 1244 866 1301 in
898 1240 1325 1299 familiaritatem
1353 1238 1845 1306 suamfdevincirm
1885 1243 2076 1318 partiri
2110 1260 2329 1300 cumen

301 1337 457 1379 curas
489 1323 743 1398 imperii.
793 1325 849 1380 &
878 1319 1170 1379 crudeliter
1201 1320 1484 1397 ingratum
1518 1318 1765 1397 obligare
1792 1317 1995 1378 secreto
2025 1339 2142 1399 quo
2170 1334 2332 1379 natu-

300 1416 421 1457 ram
440 1401 606 1458 etiam
622 1399 1027 1474 corrumpebat.
1086 1399 1296 1472 Utpote
1323 1399 1420 1474 qui
1450 1398 1670 1474 quoties
1683 1396 1845 1456 vellet
1861 1399 1919 1455 in
1932 1415 2103 1457 omne
2120 1398 2329 1458 animal

300 1478 450 1534 intra
466 1493 822 1535 momentum
840 1476 1105 1552 temporis
1129 1474 1455 1533 reformaret
1469 1473 1578 1532 sese
1594 1514 1611 1541 ,
1651 1478 1707 1534 δι
1720 1476 1968 1533 εκῐίυᾶο
1982 1496 2213 1555 corpore
2229 1477 2332 1535 suo

299 1555 362 1611 in
381 1555 562 1611 alieno
577 1556 803 1612 viveret.
846 1557 1012 1611 Hunc
1028 1554 1213 1630 itaque
1226 1552 1411 1611 secum
1431 1553 1687 1612 cubiculo
1702 1553 2014 1614 includens,
2048 1558 2200 1633 Age,
2244 1557 2332 1613 in·

302 1631 434 1708 quit
451 1670 467 1696 ,
499 1631 651 1690 aufer
665 1631 991 1691 formidines
1008 1632 1241 1709 pueriles
1256 1671 1274 1697 ,
1314 1634 1371 1690 &t
1401 1633 1641 1700 amicum
1657 1649 1818 1691 tuum
1836 1632 1959 1692 suos
1973 1632 2190 1710 spiritus
2203 1631 2332 1690 alie-

303 1708 1039 1769 nismembrisinducente'm
1059 1711 1271 1768 mirare.
1345 1708 1529 1768 Simul
1556 1713 1798 1770 extinxit
1826 1711 2087 1789 passerem
2108 1752 2125 1778 ,
2154 1719 2211 1773 δε
2242 1710 2332 1770 su·

306 1788 473 1864 pinus
487 1789 764 1864 interram
782 1804 1012 1847 mortua:
1029 1790 1140 1847 avis
1157 1789 1395 1847 rostrum
1412 1787 1637 1855 inseruit
1651 1791 1735 1848 ori
1750 1789 1861 1847 suo.
1936 1790 2086 1848 acuit
2113 1791 2331 1868 regium

307 1883 505 1940 corpus
534 1869 826 1931 exanime,
867 1871 922 1926 δε
950 1868 1203 1925 redivivo
1229 1866 1437 1926 tinnitu
1468 1868 1669 1943 paffer.
1693 1870 1845 1927 vario
1900 1866 2119 1927 ubsultu
2137 1907 2155 1933 ‚
2194 1868 2334 1945 Api-

300 1946 449 2001 stum
466 1947 763 2020 repentinae
781 1944 998 2005 visionis
1031 1948 1248 2022 stupore
1276 1945 1541 2004 turbavit.
1599 1948 1768 2006 Nunc
1800 1946 2059 2005 insidebat
2088 1948 2340 2006 mirantis

300 2024 510 2098 capiti,
541 2042 689 2082 nunc
724 2025 1022 2102 irrequieto
1055 2025 1244 2084 volatu
1279 2023 1644 2083 interturbans
1670 2030 1851 2083 a‘e'rem
1883 2026 1994 2082 huc
2025 2040 2187 2103 atque
2200 2024 2337 2083 illuc

299 2099 646 2176 prosiliebat,
677 2121 825 2160 nunc
851 2101 1160 2161 lasciviente
1191 2102 1535 2180 pipillatione
1562 2103 1830 2162 illudebat
1855 2105 1913 2161 in
1944 2103 2230 2161 hori-orem
2244 2105 2335 2161 de·

306 2177 440 2236 fixo,
480 2181 672 2239 Rediit
686 2182 907 2240 tandem
927 2181 1165 2241 volucris
1178 2183 1243 2240 ad
1276 2181 1590 2240 humanum
1615 2182 1876 2249 cadaver,
1907 2184 2223 2261 iterumque
2248 2183 2334 2240 in·

305 2256 449 2318 serto
479 2260 691 2335 pallidis
722 2260 886 2318 labris
913 2262 1090 2319 rostro
1105 2261 1342 2319 reddidit
1358 2272 1669 2318 mutuatam
1687 2261 1934 2317 animam
1953 2299 1969 2325 ,
2004 2260 2220 2338 suisque
2234 2260 2341 2336 spi·

304 2337 748 2412 ritibusjacentes
761 2357 921 2397 venas
933 2339 1203 2415 implevit.
1259 2341 1548 2396 Arrexerat
1575 2339 1795 2396 animos
1823 2339 1889 2405 ad
1919 2352 2139 2397 tantum
2161 2341 2337 2398 mira·

308 2415 501 2473 culum
521 2419 767 2492 Apistus‚
799 2417 1135 2493 herbulaque
1151 2416 1361 2480 morsa,
1396 2419 1449 2474 ὃῑ
1481 2417 1583 2474 alia
1610 2418 2122 2493 pestoriimpofita,
2157 2431 2338 2477 tenta-

202 2552 219 2561 ,
310 2496 393 2551 vit
410 2492 690 2552 scientiam
710 2495 867 2570 regis.
926 2497 1048 2552 Nec
1077 2512 1266 2555 morai
1300 2492 1516 2568 spiritus
1530 2493 1611 2551 sui
1629 2494 1930 2553 sufflatione
1943 2495 2211 2554 animavit
2264 2495 2342 2554 as-

309 2570 484 2629 serem
509 2609 525 2635 ,
553 2571 799 2629 &modo
818 2571 929 2628 huc
946 2610 964 2638 ‚
993 2572 1167 2629 modo
1199 2571 1333 2629 illuc
1347 2571 1770 2638 circumsiliens,
1811 2573 1908 2629 ubi
1936 2574 2127 2632 audaci
2156 2594 2229 2632 vo
2277 2590 2341 2632 tu

311 2649 526 2706 laetatus
542 2650 616 2705 est
633 2685 653 2709 .
693 2649 859 2705 rediit
888 2649 955 2707 ad
985 2648 1145 2707 suum
1185 2651 1428 2706 cadaver.
1483 2653 1658 2725 Hujus
1679 2649 1865 2708 secreti
1894 2652 2194 2711 assiduitate
2222 2654 2338 2731 regi

313 2727 494 2783 carior
511 2725 682 2783 indies
698 2726 869 2785 faCtus
887 2766 904 2791 ,
929 2728 1204 2787 occultato
1235 2725 1444 2785 sceleris
1470 2730 1620 2805 quod
1650 2729 1872 2804 parabat
1886 2729 2145 2797 consilio,
2172 2732 2340 2790 amici

316 2802 612 2862 fidelissimi
639 2802 927 2881 personam
960 2805 1343 2864 mentiebatur.
1406 2808 1561 2864 Intus
1589 2809 1739 2864 enim
1773 2808 2076 2867 ambitione
2106 2829 2135 2865 r
2244 2828 2338 2867 an·

310 2883 369 2941 di
385 2886 440 2942 &t
455 2885 657 2960 reginae
673 2901 864 2942 amore
880 2884 1167 2943 tenebatur
1181 2884 1249 2942 ad
1268 2883 1698 2962 desperationem
1722 2883 1907 2944 salutis
1924 2928 1942 2953 ,
1981 2887 2019 2945 fi
2048 2828 2340 2963 peresigdtiam

312 2961 650 3041 neglexisset.
725 2964 891 3021 Nova
921 2965 1187 3021 nimirum
1224 2964 1478 3023 varietate
1508 2982 1732 3023 morum
1753 3004 1769 3029 ,
1814 2965 2147 3042 confusaque
2177 2966 2343 3025 vitio·

307 3059 439 3099 rum
459 3041 765 3119 temperie,-
798 3057 863 3101 ut
878 3042 1033 3100 idem
1052 3043 1126 3100 est
1143 3040 1504 3101 ferociffimus
1515 3041 1684 3101 hostis
1699 3082 1717 3107 ,
1757 3044 1833 3102 ita
1857 3047 1914 3103 &
1943 3043 2263 3103 mitissimus
2286 3063 2342 3104 a·

312 3138 510 3178 micus.
1410 3162 1428 3188 ,

412 3198 659 3275 ὃρςᾶιτε
685 3197 869 3275 quaeso
911 3218 1029 3276 quo
1061 3198 1277 3258 furiosae
1319 3197 1569 3255 libidinis
1600 3201 1656 3256 δε
1686 3197 1869 3256 insana
1895 3195 2160 3276 regnandi
2200 3199 2340 3260 defi-

315 3273 464 3332 deria
496 3282 883 3353 prorumpunt.
927 3280 1088 3336 Forte
1118 3274 1270 3335 mole
1304 3278 1662 3352 negotiorum
1694 3276 1935 3350 press‘um
1967 3277 2219 3335 animum
2241 3280 2342 3352 ju·

318 3355 470 3412 venia
523 3374 619 3412 rex
663 3356 954 3414 venatione
997 3357 1273 3415 laxaturus
1318 3354 1594 3429 affumpto
1635 3355 1825 3431 Apisto
1867 3356 1928 3414 in
1980 3354 2154 3430 sylvas
2189 3358 2340 3415 exie-

320 3446 425 3490 rat.

477 3517 603 3567 Ecce
618 3508 746 3587 fera
769 3508 898 3584 saxi
924 3511 1120 3590 ἆήεὲῖι
1148 3514 1347 3569 vertice
1377 3522 1535 3587 capra

480 3594 774 3645 Decurren
783 3590 933 3667 jugie
952 3629 969 3654 .
1005 3592 1288 3665 timideque
1316 3593 1371 3645 in
1397 3590 1524 3648 cade
1546 3602 1783 3666 patentes

480 3665 867 3740 Transmittunt
896 3667 1049 3742 eursu
1079 3683 1277 3744 campos
1299 3706 1316 3732 ,
1358 3668 1652 3744 montesque
1676 3669 1991 3746 relinquunt.

316 3747 624 3803 venatores
637 3745 705 3802 ad
722 3744 945 3802 latratus
959 3764 1155 3803 canum
1172 3764 1268 3821 pei·
1283 3746 1403 3803 avia
1417 3745 1557 3804 silvie
1569 3744 2046 3816 secesserant5solus
2070 3766 2201 3805 cum
2218 3766 2349 3824 rege

311 3824 536 3903 Apistus
555 3822 615 3882 in
631 3822 925 3901 fugitivam
943 3824 1170 3902 caprarii
1186 3824 1403 3883 turbam
1418 3822 1692 3903 spiculum
1703 3826 1978 3887 contorsit.
1986 3823 2194 3888 Haesere
2211 3827 2349 3886 utri·
2427 3888 2432 3895 ,

1292 3905 1329 3959 S
1344 3921 1368 3959 ε
1409 3921 1448 3979 5
2091 3900 2259 3976 ufilue
2273 3903 2356 3963 fii·
