2738 4475
886 263 945 336 P
1045 289 1091 336 A
1193 287 1258 339 R·
1347 288 1383 337 s
1501 261 1645 338 Vs
2115 268 2258 361 ὄις

219 383 382 461 cipiet
393 383 724 462 loquentem
740 378 976 440 Tar-fias.
1004 378 1321 457 jurabitque
1348 380 1461 437 visa
1492 379 1592 436 fibi
1622 377 1782 436 fuiss'e
1814 391 1966 437 terna
1980 379 2254 447 cadavera,

218 483 347 521 cum
365 464 424 521 in
439 483 571 521 eum
591 462 784 519 locum
804 458 1026 518 venisset
1039 479 1157 537 quo
1172 460 1424 518 duellum
1443 461 1588 516 inter
1604 458 1917 514 Tolmitem
1935 462 1989 517 δι
2021 459 2265 516 Enedre—

171 603 176 608 ,
221 561 356 599 vum
375 560 572 600 rumor
587 540 860 617 popularis
878 538 1192 617 vulgaverat
1213 559 1226 594 :
1269 557 1369 597 nec
1383 535 1616 615 potuisse
1633 538 1714 594 uti
1731 539 1923 594 animo
1941 536 2040 594 suo
2054 537 2118 593 ad
2136 556 2254 595 am·

219 621 417 679 borum
436 621 788 678 concordiam
804 657 823 681 ,
856 615 1084 695 quando'
1093 631 1323 676 conatus
1344 616 1469 673 suos
1486 615 1844 675 antevertiffet
1862 614 2041 673 fatum
2060 655 2076 679 ‚
2095 630 2252 672 utro-

149 711 156 722 *
212 719 322 777 que
332 701 453 774 jam
472 697 807 756 mortalitate
821 712 1011 755 exut0.
1080 698 1188 755 Cui
1199 695 1379 774 judici
1400 695 1664 753 videberis
1677 694 1805 752 falsa
1821 695 2002 753 dicere
2024 735 2040 760 ,
2066 693 2254 752 verisi-

210 777 370 836 niilia
387 777 759 854 proferendo?
792 776 971 834 eritne
997 775 1194 854 aliquis
1228 774 1585 833 damnaturus
1602 774 1863 849 jactatam
1895 773 2246 831 amicitiam?

213 874 472 934 quaenam
492 869 601 914 tam
619 854 794 914 efferae
812 854 956 933 leges
979 856 1330 913 invenientur
1345 895 1360 919 ,
1375 873 1498 931 quae
1514 851 1845 930 supplicium
1864 853 2024 910 bonis
2036 851 2263 910 civibus

210 934 492 992 inferant?
525 936 795 994 nimirum
828 934 1029 1009 peribis
1061 947 1121 991 tu
1151 934 1250 1011 qui
1287 949 1530 991 mortem
1550 933 1923 1007 contempfisti
1939 951 2006 989 ne
2021 931 2109 987 alii
2126 949 2247 1005 per-

214 1013 380 1069 irent.
414 1016 531 1092 Jam
550 1014 768 1072 libertas
787 1015 845 1071 in
864 1013 1038 1070 arduo
1053 1014 1264 1071 montis
1275 1010 1568 1089 supercilio
1582 1010 1789 1070 attollit
1803 1011 1968 1089 tigna,
1985 1010 2246 1086 claroque

217 1091 364 1147 tubae
377 1090 511 1150 sono
528 1094 593 1150 ad
612 1092 864 1152 osculum
881 1089 1043 1149 suum
1063 1106 1119 1148 te
1133 1109 1310 1150 vocat.
1356 1095 1400 1155 1.
1416 1093 1565 1169 erige
1583 1105 1664 1148 te:
1705 1096 1759 1149 &
1775 1090 2000 1146 horrore
2016 1091 2247 1146 carceris

203 1169 514 1248 mortisque
544 1171 740 1250 fugato
755 1171 974 1229 restitue
989 1184 1044 1228 te
1058 1170 1162 1228 tibi
1179 1210 1194 1235 ,
1231 1176 1285 1229 &
1299 1171 1360 1227 in
1375 1169 1527 1246 spem
1544 1170 1788 1227 melioris
1804 1170 1927 1226 vitae
1945 1168 2066 1226 utili
2087 1186 2244 1225 men·

199 1248 362 1305 dacio
388 1267 731 1309 marcentem
747 1251 1000 1307 animum
1018 1250 1351 1308 demulcet0.

285 1328 383 1383 His
400 1329 578 1390 distis,
596 1329 823 1407 reliquit
836 1327 1183 1392 cubiculum,
1208 1332 1264 1387 &
1281 1347 1374 1385 me
1390 1329 1657 1386 fititorcm
1675 1326 1934 1386 libertatis
1951 1326 2006 1383 in
2024 1323 2138 1382 suas
2157 1344 2241 1384 ra·

198 1404 384 1463 tiones
403 1410 571 1465 traxit
587 1448 603 1473 ,
620 1410 822 1486 quibus
843 1409 1085 1484 mitigati
1095 1408 1328 1480 judices,
1348 1425 1461 1473 me,
1477 1407 1831 1485 Tarfiamque
1850 1445 1867 1470 ,
1898 1424 1998 1483 per
2008 1405 2241 1463 eandem

200 1486 479 1541 mendacii
492 1487 722 1560 januam
739 1484 1052 1542 incolumes
1066 1481 1336 1541 dimisere.

282 1565 486 1619 Statim
504 1562 694 1638 abipsa
711 1562 972 1620 Pinotidii
988 1561 1211 1638 querela
1227 1562 1403 1640 ignari
1420 1564 1645 1642 Acignii
1667 1565 1879 1621 irarum
1899 1560 2075 1619 multa
2093 1561 2170 1617 mi
2178 1560 2243 1617 li·

196 1650 327 1696 tum
357 1652 528 1696 manu
544 1642 832 1717 cingimur
855 1682 872 1708 ,
901 1659 1070 1717 qnam
1104 1639 1337 1699 offensus
1366 1641 1598 1699 ducebat
1629 1644 1895 1720 Acignius
1911 1660 2004 1716 per
2024 1640 2251 1698 ficarios
2331 1665 2336 1671 ·

205 1720 488 1792 Geryonis
522 1720 895 1777 vindicaturus
911 1720 1170 1794 injuriam
1192 1718 1366 1778 suam.
1427 1722 1689 1797 Undique
1702 1721 1871 1777 stricti
1886 1719 2054 1797 gladii
2071 1736 2238 1775 com-

199 1796 565 1854 minabantur
580 1811 840 1856 mortem.
862 1799 1098 1875 Cess‘erat
1111 1801 1297 1857 omnis
1315 1797 1593 1858 miseratio
1611 1799 1998 1879 indignationi,
2020 1803 2072 1858 ὃ(
2094 1795 2239 1854 nihil

196 1874 350 1930 inter
363 1887 449 1932 tot
465 1877 827 1936 imminentes
843 1896 999 1935 neces
1011 1878 1212 1934 certius
1229 1879 1293 1935 ad
1309 1877 1538 1936 salutem
1558 1878 1704 1954 fuga.
1764 1877 1939 1934 Primi
1971 1876 2236 1932 omnium

194 1952 424 2011 clientes
445 1955 744 2012 manifestis
759 1956 957 2014 ictibus
973 1958 1148 2014 attriti
1164 1957 1260 2014 suo
1276 1958 1485 2015 damno
1500 1956 1705 2014 sensere
1731 1957 1949 2032 quantis
1981 1953 2244 2032 periculis

195 2033 410 2089 Veritas
427 2049 782 2104 quaereretur.
840 2039 982 2093 Mox
1018 2034 1286 2110 explicata
1300 2036 1465 2094 iatius
1481 2036 1640 2113 pestis
1657 2037 1713 2093 in
1731 2034 1905 2091 socios
1924 2052 2074 2090 meos
2087 2032 2238 2110 gras·

189 2106 300 2166 sata
317 2111 393 2166 est
412 2112 558 2167 varia
580 2112 748 2170 clade.
810 2113 1040 2188 Qippe
1055 2113 1339 2171 hostilium
1359 2133 1651 2171 armorum
1671 2112 1944 2169 diversitas
1958 2111 2235 2168 diversum

190 2187 389 2246 vulnus
403 2189 618 2249 fecerat.
665 2191 816 2249 Talis
834 2192 889 2248 in
911 2192 1145 2250 Pirithoi
1164 2194 1372 2269 nuptiis
1386 2208 1573 2270 pugna
1589 2191 1716 2251 fuit,
1735 2191 1830 2247 ubi
1848 2209 1960 2248 non
1980 2209 2085 2248 una
2100 2208 2235 2247 nece

189 2269 456 2327 Centauri
476 2271 739 2341 cecidere.
797 2273 868 2327 Et
885 2271 1004 2346 jam
1038 2269 1223 2328 nescio
1252 2274 1377 2348 quis
1411 2272 1669 2327 immensi
1699 2271 1946 2346 corporis
1965 2270 2125 2325 miles
2147 2270 2231 2325 vi-

194 2359 311 2403 tam
330 2366 512 2405 meam
531 2348 674 2406 elato
692 2368 958 2407 mucrone
974 2352 1217 2424 pretium
1237 2350 1446 2407 sceleris
1461 2347 1540 2405 sui
1560 2349 1789 2424 petebat:
1808 2348 2235 2423 Deuaprofeeto

194 2425 364 2488 Deus,
381 2424 604 2483 divertit
621 2427 796 2483 istum
821 2467 836 2490 ,
852 2431 907 2484 δε
925 2429 1179 2488 nondum
1198 2430 1456 2486 Veritatis
1470 2431 1574 2486 aris
1591 2426 1834 2484 debitam
1852 2428 2141 2484 viffimam
2162 2426 2229 2482 ad

194 2502 558 2561 noviffimum
578 2502 680 2560 saci
694 2504 906 2562 ilicium
924 2503 1170 2561 servavit.

278 2581 670 2637 Commodum
687 2583 901 2659 Acignii
918 2583 1296 2640 crudelitatem
1313 2583 1720 2661 aliquantulum
1741 2579 2035 2643 evaseram,
2051 2578 2191 2637 solus
2210 2601 2227 2637 ι

199 2656 303 2712 nifi
317 2658 471 2734 quod
490 2660 682 2719 timor,
704 2661 759 2716 δι
844 2659 968 2725 llor,
979 2663 1039 2733 ,ὃς
1053 2662 1440 2737 trepidatim&
1455 2664 1511 2719 in
1528 2662 1755 2740 fatigato
1771 2679 1867 2737 per
1884 2660 2049 2718 ardua
2066 2676 2229 2715 mon-

195 2736 346 2790 tium
380 2741 437 2795 Bc
467 2734 677 2793 lubrica
687 2736 772 2794 val
801 2739 919 2795 ium
935 2757 1166 2814 corpore
1186 2740 1383 2796 horror
1402 2743 1547 2798 necis
1564 2781 1581 2805 .
1615 2743 1866 2799 nondum
1885 2738 2237 2796 deseruerant

193 2809 529 2890 fugientem.
573 2813 862 2873 Defecerat
874 2816 1255 2875 membrorum
1273 2820 1444 2876 robur
1461 2860 1476 2885 ,
1509 2826 1564 2880 δε
1588 2819 1765 2896 cespes
1785 2820 1843 2876 in
1857 2818 2065 2896 ignotis
2082 2816 2226 2893 agris

189 2891 613 2950 ad'lassitudinis
645 2892 902 2952 solatium
934 2913 1079 2972 pone
1097 2897 1334 2955 fluvium
1354 2899 1587 2956 thorum
1605 2897 1817 2957 fecerat.
1862 2895 2227 2973 Affurgebant
2302 2898 2305 2903 ’
2357 2903 2364 2911 ’

186 2969 399 3028 humili
429 2972 644 3050 fastigio
674 2973 741 3030 ad
767 2973 1016 3031 dextram
1051 2974 1217 3033 colles
1237 3016 1252 3040 .
1284 2978 1342 3034 in
1375 2977 1576 3054 quibus
1589 2976 2003 3058 generosissimis
2018 2976 2221 3031 vinetis

184 3048 430 3107 Bacchus
445 3051 841 3127 triumphabat.
880 3053 1012 3131 Qa
1027 3072 1253 3129 campus
1271 3058 1502 3133 aequior,
1518 3056 1832 3114 flavescebat
1851 3052 2015 3111 meffe
2031 3050 2239 3126 spinis·-

186 3126 324 3184 slmss
339 3131 501 3186 Ceres
519 3154 546 3221 τ’
562 3149 630 3187 eo
650 3130 962 3224 formosior,
976 3134 1244 3211 quoniam
1262 3132 1291 3190 a
1308 3134 1554 3208 pluribus
1571 3134 2009 3211 annisjejunium
2026 3128 2218 3205 posue-

187 3209 663 3344 aare&
673 3207 2221 3370 ”asismat{2352125221422‘10‘235533255333:

189 3361 466 3419 viffimam
488 3364 766 3426 sessionem
786 3369 1061 3444 nymphas
1077 3369 1363 3427 invitabat.
2056 3401 2071 3414 .

277 3441 521 3498 Lucem*
531 3445 725 3521 {estius
742 3448 862 3518 1³0st
876 3445 1064 3523 fugam
1086 3467 1267 3505 meam
1286 3448 1491 3526 vesper,
1518 3452 1573 3507 &
1592 3461 1654 3507 ut
1670 3448 1803 3506 alter
1822 3444 2082 3513 Hercules
2097 3443 2219 3520 plu·

186 3518 343 3577 ribus
360 3522 562 3577 catenis
576 3524 874 3579 attonitum
893 3523 1144 3593 facundia
1165 3527 1436 3602 populum
1456 3568 1471 3593 ,
1513 3526 1584 3585 fic
1612 3527 1705 3584 ille
1732 3525 1965 3617 praecoci
1998 3525 2233 3582 lumine

186 3597 472 3674 sequentia
504 3600 670 3656 sidera
702 3600 967 3659 trahebat.
1037 3607 1161 3662 Nec
1182 3624 1300 3677 jam
1334 3606 1568 3663 instabili
1597 3606 1714 3664 face
1746 3605 1994 3689 fulgebat
2022 3606 2181 3665 Luna
2197 3625 2229 3665 a

191 3680 439 3735 coierant
456 3678 513 3732 in
532 3678 722 3735 orbem
745 3678 899 3736 suum
919 3701 1142 3746 cornua,
1158 3686 1211 3739 &
1226 3683 1335 3740 sine
1353 3685 1590 3753 nubibus
1608 3686 1666 3741 in
1685 3683 1915 3759 speciem
1937 3682 2116 3740 dubiae
2134 3680 2217 3739 lu·

185 3758 268 3813 cis
294 3754 625 3813 coruscabat.
689 3761 885 3835 Neque
899 3757 1120 3818 somnus
1135 3761 1425 3819 dulcedine
1440 3761 1641 3836 soporis
1660 3762 1929 3845 inquietas
1944 3761 2221 3837 palpebras

180 3836 441 3913 gravabat
457 3875 474 3901 ,
489 3835 578 3895 sed
597 3856 682 3896 eas
700 3854 997 3899 ventorum
1011 3839 1212 3898 susurri
1228 3878 1245 3904 ‚
1279 3845 1334 3898 δε
1354 3837 1830 3902 foliorummotus
1844 3842 1908 3899 ad
1928 3854 2223 3918 perpetuas
2303 3884 2310 3891 .

1267 3918 1384 3995 Qq
1420 3937 1461 3993 4
2050 3931 2228 3972 excu-
