2738 4475
483 239 632 315 320
1007 217 2095 293 EuenoRM.·SAa·s-tht

578 342 842 412 Vereor
881 360 962 410 ne
997 337 1241 435 prolixa
1273 338 1618 436 trepidave
1656 333 1937 409 defenlio
1952 365 2118 412 meae
2136 341 2333 414 causae
2353 341 2532 418 fidus

478 438 649 512 ciam
668 460 1032 534 corrumpat
1051 486 1077 523 ,
1115 435 1461 537 praesertim
1479 462 1669 536 quam
1687 461 1813 510 nou
1832 439 1926 508 ita
1946 434 2183 538 suscepi
2202 442 2371 540 quasi
2389 445 2541 514 ini--x

480 542 796 611 micorum
815 560 1105 608 meorum
1124 537 1448 610 humilitas
1458 533 1696 634 pulsare
1715 560 1921 609 meam
1942 538 2228 635 quietem
2246 543 2519 640 aegritu-

405 711 409 720 ,
479 637 630 709 dine
646 633 1064 707 solicitudinis
1081 636 1312 732 posset.
1382 636 1789 735 Magnatibus
1807 657 2012 707 autem
2034 634 2119 714 fic
2139 663 2248 710 me
2266 636 2514 714 facilius

478 734 851 833 approbabo
872 764 898 826 3
915 733 1109 807 Nihil
1123 732 1428 833 scriptum
1448 755 1555 806 aut
1571 737 1919 837 cogitatum
1931 731 2084 821 effe,
2107 763 2241 837 quo
2253 741 2519 814 illorum

477 835 865 934 dignitatem
885 835 1194 908 violarem
1213 865 1237 923 ;
1258 836 1326 908 Si
1344 832 1766 908 nibilominus
1782 834 2182 932 perseverant
2197 834 2516 937 suspicari,

474 957 584 1006 me
611 934 1090 1014 execrationem
1108 935 1238 1013 mei
1253 929 1463 1007 foetus
1476 936 1758 1034 pretium
1775 935 1895 1009 suae
1909 934 2383 1013 benevolentia:
2400 939 2525 1013 effe

475 1028 822 1106 faelurum.

518 1134 802 1205 Domita
817 1155 1030 1208 autem
1049 1138 1152 1208 vel
1170 1132 1380 1208 sedata
1399 1134 1464 1207 vi
1485 1125 1846 1208 ferocitatis
1868 1155 2173 1220 externa·‚
2192 1139 2319 1231 jam
2337 1131 2507 1208 forte
2590 1205 2599 1212 ,

470 1231 863 1309 familiaritas
904 1236 1286 1307 merentium
1309 1257 1549 1336 quaeret
1570 1280 1593 1316 ‚
1637 1260 1793 1307 num
1816 1255 1952 1307 tam
1970 1261 2273 1335 perpetuo
2291 1231 2514 1308 favore

472 1333 604 1412 mei
632 1335 923 1433 pignoris
962 1337 1237 1434 caligem
1258 1393 1277 1420 ,
1320 1359 1389 1408 ut
1428 1338 1495 1406 in
1510 1359 1593 1405 eo
1609 1334 2008 1435 cognoscere
2021 1361 2254 1410 errores
2270 1356 2375 1406 aut
2395 1361 2516 1434 ag-

472 1428 735 1507 noscere
769 1458 905 1525 non
937 1435 1171 1529 poffim
1190 1483 1212 1519 ‚
1253 1436 1532 1536 denique
1569 1433 1613 1507 st
1636 1460 1829 1536 quam
1849 1459 2000 1508 eum
2017 1437 2144 1508 toti
2158 1434 2329 1519 orbi,
2370 1453 2512 1506 tam

470 1534 669 1610 etiam
707 1530 871 1604 mihi
905 1531 1159 1609 excuso·
1213 1543 1233 1573 ¹
1254 1541 1437 1611 Nam
1473 1544 1539 1609 &
1560 1538 1794 1607 Brutus
1812 1528 1953 1605 suos
1971 1536 2216 1610 liberos
2235 1536 2535 1635 primum·

469 1634 669 1731 virgis
687 1679 713 1714 ,
752 1657 908 1703 mox
946 1630 1262 1709 securibus
1293 1637 1534 1712 cecidit
1551 1685 1574 1721 ‚
1618 1642 1643 1672 ³
1663 1637 1775 1706 ille
1809 1655 2022 1703 autem
2065 1636 2373 1709 adulterii
2384 1635 2535 1705 vin-

470 1731 596 1806 dex
636 1758 771 1804 non
805 1736 979 1831 prius
1020 1737 1158 1808 filio
1172 1739 1427 1808 oculum
1453 1735 1711 1829 reliquit
1730 1789 1751 1816 ‚
1788 1751 1975 1828 quam
1994 1730 2112 1800 fibi
2134 1730 2544 1827 excuffiss'et3

473 1843 543 1907 ὃ(
583 1832 818 1931 ubique
850 1859 983 1931 quo
1018 1835 1115 1907 est
1152 1834 1545 1905 tolerabilior
1559 1833 1784 1901 lenitas
1804 1828 2207 1922 parcentium
2232 1830 2369 1900 suis
2387 1878 2415 1912 ,
2453 1857 2548 1903 eo

465 1933 843 2005 laudabilius
875 1932 999 2002 erit
1035 1931 1211 2022 hujus
1255 1933 1462 2000 veniae
1495 1927 1857 1997 suavitatem
1887 1915 2236 2010 aspernari.
2311 1929 2549 2021 Igitur

467 2054 769 2126 tanquam
802 2030 840 2096 ὲ
873 2028 1134 2120 publico
1163 2024 1460 2106 rediens,
1501 2031 1569 2093 δε
1610 2015 1969 2114 hemicyclo
1987 2035 2281 2128 augente
2302 2022 2537 2114 priva-

461 2149 597 2196 tam
638 2119 1068 2212 majestatem,
1119 2119 1501 2192 domesticas
1535 2118 1616 2190 de
1651 2113 1798 2213 ipsis
1846 2107 2245 2187 Praestmbus
2291 2120 2399 2188 cul

460 2221 759 2315 expesto.
814 2216 1057 2314 Neque
1076 2216 1326 2290 mollius
1345 2243 1539 2317 quam
1556 2221 1753 2312 jurata
1771 2211 2083 2286 sententia
2101 2211 2409 2316 discepta
2500 2290 2505 2293 ,

459 2321 572 2390 vel
603 2323 626 2365 ³
649 2335 716 2387 ut
743 2333 1051 2412 tanquam
1090 2319 1435 2392 Hermolai
1472 2339 1723 2417 patrem
1737 2312 1839 2388 sua
1855 2310 2057 2384 rabies
2075 2314 2151 2384 in
2168 2311 2390 2389 filium
2408 2318 2537 2391 ab·

459 2416 704 2496 solvat,
741 2411 846 2486 vel
879 2435 951 2486 ut
978 2418 1170 2516 ipsius
1208 2412 1419 2490 filitim
1449 2414 1776 2491 iracundia
1796 2413 2072 2514 parentis
2090 2408 2373 2510 eripiat3
2406 2443 2534 2491 ex-

463 2540 650 2593 terna
683 2511 1116 2590 misericordia
1150 2534 1259 2614 pet
1297 2518 1616 2591 internam
1641 2524 1709 2588 &
1729 2517 1901 2588 velut
1917 2512 2374 2610 parricidalem
2394 2516 2528 2589 dis-

469 2619 756 2693 cordiam
771 2615 1221 2715 benigniffima
1236 2619 1354 2689 lite
1374 2621 1606 2689 creora.
1642 2619 1816 2689 Ecce
1834 2633 2046 2685 autem
2064 2615 2198 2707 jam
2220 2638 2516 2688 vexatum

467 2712 799 2817 percensui
837 2712 1143 2813 scriptum
1160 2763 1184 2796 ‚
1221 2716 1557 2818 duriusque
1588 2715 1839 2789 discussi
1854 2764 1881 2800 ‚
1900 2738 2058 2811 'quoe
2076 2715 2360 2810 recipere
2379 2717 2517 2785 cul-

472 2843 623 2917 pam
641 2836 746 2886 aut
764 2814 1161 2888 abscondere
1179 2814 1453 2914 possent.
1504 2816 1667 2890 nihil
1688 2816 1940 2914 publice
1960 2834 2292 2912 peccatum
2310 2837 2518 2884 anno-

470 2918 612 2993 tavi
630 2913 805 3017 quod
819 2913 1237 3013 castigatione
1255 2918 1323 2987 in
1341 2919 1715 3014 exemplum
1737 2910 1969 3013 poss'em
1988 2909 2227 3022 ulcisci.
2259 2914 2354 2980 Ar
2373 2911 2508 3019 P‘i'f

472 3038 619 3095 vata
649 3023 717 3088 δι
755 3034 1008 3085 tantum
1053 3016 1119 3086 in
1140 3015 1569 3088 domesticum
1591 3040 1828 3088 nomen
1846 3030 2040 3084 errata
2060 3054 2081 3091 ,
2114 3028 2308 3080 enam
2325 3024 2514 3080 aetatt

473 3118 731 3191 donavi.
788 3114 1074 3186 Primum
1112 3116 1373 3214 quidem
1392 3163 1413 3197 ‚
1452 3112 1745 3187 invidiosi
1778 3109 2138 3210 argumenti
2170 3104 2523 3191 ferociam,

475 3244 620 3317 quae
644 3216 754 3287 sub
773 3213 978 3314 prima
994 3216 1328 3309 juventute
1345 3213 1549 3287 adhuc
1571 3213 1789 3286 rudem
1804 3219 1871 3285 &
1895 3212 2303 3307 inexpertam
2318 3205 2527 3280 liber-

2308 3326 2507 3377 tatem

549 3454 575 3491 1
612 3447 746 3508 Ram
772 3447 1002 3496 &aaut
1012 3444 1464 3512 fustibensprbnm
1517 3440 1924 3509 urbe‘ratquinios
1941 3470 1960 3498 ,
1986 3435 2040 3488 &
2066 3434 2306 3489 civitatem
2330 3431 2514 3501 inreip.'

472 3509 1124 3577 virgisanoxfiaafibumedie.
1182 3510 1325 3577 Qnod
1340 3511 1463 3562 Sexti
1518 3510 1726 3562 formam
1752 3509 1943 3578 redegit.
2454 3580 2457 3581 γ

470 3578 717 3643 Tarquinii
743 3592 891 3643 partes
921 3578 1059 3633 secuti
1133 3594 1216 3631 ent
1229 3594 1335 3628 cum
1349 3579 1464 3628 flore
1592 3594 1616 3646 3
1652 3583 1714 3629 Ut
1738 3592 1941 3648 tanquam
1953 3569 2385 3644 Hennolaee'paerm.]
2413 3565 2521 3637 Ipse

472 3645 749 3712 juventutis.
780 3647 896 3698 vide
907 3652 1094 3701 Livium
1111 3651 1158 3698 δι
1175 3649 1312 3698 alios.
1521 3645 1586 3696 cst
1615 3649 1896 3698 Hermolaus
1925 3646 2009 3718 qui
2021 3658 2189 3699 eontra
2201 3639 2515 3694 Alexandrum

540 3732 569 3767 2
614 3711 702 3762 me
725 3715 1300 3779 memaduzteriivindex.]
1330 3715 1466 3767 scili·
1523 3720 1869 3784 conjuraverat.

470 3795 546 3837 cet
573 3779 805 3834 Lucretia.
853 3784 1022 3853 Iunius
1047 3791 1216 3843 Brutus
1242 3785 1383 3854 eiecit
1410 3797 1465 3837 cx
1856 3785 1867 3791 '
2334 3855 2362 3895 ι
2396 3837 2537 3891 ΡΜ,

583 3882 594 3885 Α
2510 3862 2537 3892 8
