2738 4475
800 286 1565 359 Paxolv.
2067 299 2218 381 477

193 405 342 512 post
363 409 613 482 Turcas
632 406 757 478 illis
775 404 1006 480 sumus.
1074 409 1384 510 AJudaeo
1416 403 1853 504 percunctati.
1894 401 1974 473 de
2008 405 2229 501 quibus
2261 435 2268 445 ·

190 510 420 584 melius
462 505 727 580 sentiret
746 558 771 595 ,
799 506 1184 580 Christianis
1205 554 1226 590 ‚
1255 533 1335 579 an
1350 509 1591 577 Turcis
1610 551 1632 585 ,
1659 500 1778 575 fuit
1800 527 1930 603 quo
1948 496 2231 574 frontem

186 609 479 680 hominis
503 609 902 682 miraremur.
955 615 1035 680 ln
1058 634 1177 680 nos
1192 610 1366 680 enim
1390 651 1411 687 ‚
1432 607 1599 677 inter
1614 629 1779 703 quos
1800 623 1934 675 erat
1954 651 1979 684 ,
2001 603 2107 673 vix
2127 626 2236 672 au-

182 704 284 779 sus
321 709 752 779 inclementer
790 707 1003 780 dicere
1030 754 1053 790 ‚
1092 730 1310 780 tamen
1347 699 1597 777 sensum
1629 728 1762 775 non
1798 699 2061 800 preffit:
2117 708 2185 774 δι
2204 754 2227 782 ,

184 810 416 896 Certe,
438 807 674 905 inquit,
689 811 926 879 Turcae
945 806 1164 879 saltem
1182 806 1489 906 genitalia
1509 803 1993 874 circumcidunt.
2016 805 2231 898 Gens

183 903 282 977 est
319 907 498 1005 vagis
529 905 839 978 erroribus
880 904 1171 1005 diffipata
1189 954 1214 991 ‚
1263 905 1495 976 nullius
1551 903 1900 1000 provinciae
1953 921 2226 998 potens:

187 1005 357 1077 acris
379 1005 682 1104 cogendis
703 1004 934 1102 opibus
949 1063 971 1090 ,
1010 1005 1088 1076 ad
1109 1029 1378 1076 omnem
1401 1023 1822 1076 mercaturam
1842 999 2091 1071 strenua
2110 1047 2134 1082 ,
2157 1007 2228 1072 δε

240 1128 308 1174 er
326 1098 597 1176 foenoris
618 1104 935 1204 flagitium
958 1104 1135 1177 dives
1161 1134 1180 1176 ι
1219 1101 1626 1200 Ubicunque
1645 1099 1745 1186 fit,
1765 1097 1989 1174 servitz
2014 1108 2078 1174 δε
2102 1103 2233 1191 jam

185 1132 475 1275 Somitos
495 1205 746 1276 animos
763 1252 787 1286 ,
820 1203 1143 1303 quondam
1169 1202 1246 1274 ad
1264 1202 1631 1273 libertatem
1657 1222 1789 1272 tam
1823 1222 1994 1270 acres
2017 1247 2039 1281 ,
2082 1198 2235 1269 huic

184 1295 708 1376 sortiall'uefecit.
764 1306 985 1376 Mores
1009 1301 1237 1402 paffim
1258 1293 1692 1385 miscuerunt,
1735 1309 1802 1374 δι
1845 1294 1963 1369 suae
1997 1296 2234 1382 indoli,

189 1397 461 1474 cuicum
481 1403 836 1501 pervicacia
851 1403 1176 1476 adhaerent
1197 1446 1218 1482 ‚
1253 1398 1491 1470 addunt
1526 1395 1804 1498 regionis
1839 1395 2131 1496 spiritum
2166 1400 2236 1470 in

190 1507 322 1600 qua
343 1498 703 1573 nascuntur.
771 1503 1073 1574 Pertinax
1111 1500 1242 1570 illis
1276 1495 1732 1596 superstitionis
1748 1499 2082 1598 ingenium
2106 1546 2133 1582 2
2167 1503 2235 1570 δε

186 1604 301 1669 vix
325 1601 393 1668 in
416 1597 698 1669 nostram
720 1599 1071 1695 pietatem,
1105 1618 1666 1697 quantumcunque
1719 1596 2054 1683 (imment,
2107 1596 2238 1669 fin-

195 1719 346 1768 eere
365 1694 690 1768 mutabile.
761 1700 1006 1769 Eorum
1035 1721 1305 1794 corpora
1342 1699 1518 1768 olere
1556 1720 1690 1767 non
1703 1696 1837 1769 {ine
1855 1719 2240 1795 argumento
2289 1727 2294 1732 ·

193 1794 310 1868 -vul
360 1805 536 1866 at'um
558 1792 677 1866 est.
743 1795 953 1867 Foeda
987 1797 1225 1894 quippe
1262 1797 1329 1868 in
1363 1794 1645 1892 ipsorum
1665 1793 2004 1879 domibus,
2043 1798 2244 1871 vesti-

197 1820 444 1991 bulgue
457 1894 697 1965 incuria
712 1892 830 1980 est,
854 1899 922 1966 δι
941 1891 1162 1967 nescio
1177 1894 1331 1990 quid
1348 1892 1629 1966 insolens
1652 1893 1928 1967 exhalat.
1966 1903 2048 1968 In
2072 1897 2247 1971 sum-

191 1991 319 2067 mis
342 1991 585 2064 divitiis
605 2017 737 2063 non
758 2016 998 2092 augent
1013 1995 1302 2090 corporis
1327 1994 1569 2065 cultum
1587 2038 1610 2074 ‚
1637 1991 1766 2068 live
1780 1994 2059 2068 nostram
2077 1999 2246 2071 invi·

195 2091 371 2165 diam
394 2093 688 2174 reveriti,
726 2089 856 2166 five
889 2093 1062 2164 inter
1094 2088 1159 2163 se
1180 2087 1468 2164 amantes
1487 2093 1848 2191 paritatem.
1926 2096 2243 2197 Magnum

195 2188 521 2264 servitutis
537 2211 986 2293 argumentum
1007 2189 1102 2264 est
1123 2240 1149 2277 ‚
1183 2192 1358 2291 quod
1378 2216 1497 2264 nec
1513 2216 1690 2265 arma
1703 2215 1826 2265 nec
1850 2188 2079 2268 fundos
2099 2195 2245 2297 pos·

196 2290 400 2364 fidere
421 2288 778 2364 conceffum
798 2291 894 2363 fit.
939 2292 1156 2366 Resse
1172 2293 1337 2364 vires
1354 2290 1717 2364 adimuntur
1730 2290 1952 2367 hostili
1975 2300 2245 2397 populo,

193 2398 263 2463 &
287 2416 406 2463 nos
424 2392 603 2489 pejus
620 2440 645 2474 ‚
678 2390 723 2462 fi
744 2392 1018 2489 polleret
1040 2446 1063 2478 ‚
1099 2391 1514 2464 muIRaturo.
2226 2452 2231 2457 .

195 2554 214 2585 ο,
293 2492 443 2591 Jam
464 2513 618 2561 vero
636 2490 1023 2562 enumeratis
1044 2490 1298 2589 populis
1318 2535 1343 2572 ‚
1382 2497 1450 2563 &
1476 2487 1672 2564 veluti
1693 2488 1770 2560 ad
1786 2487 2114 2565 censuram
2131 2520 2253 2565 vo·

207 2613 310 2661 cat
319 2592 373 2659 is
394 2634 419 2668 ‚
438 2613 709 2685 quorum
731 2590 980 2661 animos
1000 2587 1337 2688 moresque
1350 2584 1745 2686 cognoscere
1765 2588 1844 2656 iis
1863 2589 2119 2686 prodest
2139 2592 2251 2688 qui

208 2690 279 2759 in
302 2686 713 2783 publica'luce
731 2686 1023 2786 interque
1043 2687 1343 2762 homines
1368 2688 1599 2760 visturi
1619 2679 1798 2767 sunt,
1850 2685 1928 2757 ad
1965 2689 2132 2763 varia
2146 2693 2251 2761 in-

212 2785 554 2886 geniorum
586 2808 823 2885 genera
857 2794 923 2859 δι
962 2783 1223 2860 affectus
1245 2784 1632 2862 veniendum
1656 2782 1790 2873 est3
1842 2788 2037 2886 quint
2054 2813 2249 2863 unam

206 2887 491 2985 aliquam
523 2885 856 2957 nationem
888 2886 1087 2959 veluti
1118 2884 1228 2958 suo
1267 2888 1404 2979 jure
1442 2911 1575 2958 non
1614 2882 1976 2986 poffident,
2025 2889 2111 2963 ita
2136 2914 2251 2989 per

207 3009 444 3058 omnes
460 3006 692 3085 gentes
714 2983 1273 3086 vagi,-multisque
1311 2985 1546 3085 ubique
1579 2983 2251 3063 hominibusinfiden-

206 3105 309 3157 tes
330 3136 357 3172 ,
401 3085 739 3162 virtutibus
780 3081 1075 3187 vitiisque
1114 3106 1223 3157 aut
1257 3082 1498 3161 semina
1510 3103 1613 3185 aut
1632 3085 1935 3157 alimenta
1953 3081 2253 3184 suppedi-

215 3202 379 3253 tant.
1005 3230 1008 3235 -

1903 3273 1995 3353 *C
2016 3302 2060 3351 Α
2079 3305 2120 3353 1²
2139 3307 2178 3353 u
2198 3306 2251 3359 τ

214 3484 419 3539 regnum
434 3467 654 3523 haetenus
669 3466 891 3540 viguisti,
922 3487 1006 3522 nec
1019 3471 1205 3523 dtunex
1266 3470 1378 3523 alibi
1408 3485 1549 3540 quam
1578 3469 1630 3518 in
1660 3466 1815 3534 Judoea
1843 3467 1903 3519 de
1929 3468 2059 3522 causa
2086 3472 2250 3540 eapitis

213 3540 379 3607 Judaea
409 3535 633 3607 sceptrum
659 3536 885 3594 excidisse.
934 3534 1077 3609 Qafi
1092 3555 1205 3593 vcro
1265 3539 1416 3609 (quod
1432 3540 1608 3609 regium
1628 3536 1714 3605 cst)
1726 3536 1926 3604 judicare
1939 3538 2145 3593 licuisset.

2056 3692 2077 3727 1
2097 3679 2247 3748 sisign-
