2738 4475
520 242 660 338 278
1032 237 1563 312 Eurnoam.
1621 239 2129 310 SATancr

519 359 620 433 sus
658 353 1050 433 miseriarum
1082 376 1258 426 vates
1285 401 1308 435 ,
1346 354 1644 425 ariolaret
1674 376 1752 424 ex
1771 378 1903 430 tam
1922 351 2223 454 religioso
2242 377 2590 453 apparatu,

522 486 642 535 nos
663 455 934 531 molesta
951 451 1116 527 senis
1136 456 1429 526 oratione
1448 452 1711 550 hospitii
1726 458 1997 554 gratiam
2015 478 2362 553 empturos.

409 592 446 671 3
471 598 496 645 1
628 557 867 632 Sedato
900 557 1012 627 ille
1035 558 1438 628 venientium
1456 559 1734 626 tumultu
1752 601 1775 635 ‚
1820 582 1965 628 cum
1983 559 2267 628 omnium
2286 581 2398 626 ora
2413 581 2586 628 ocu-

527 656 749 756 losque
776 659 842 726 in
876 681 1022 727 eum
1057 657 1430 753 expeClatio
1464 653 1819 741 defixisset,
1859 660 1924 728 in
1960 656 2128 730 bunc
2182 681 2390 754 prope
2430 683 2587 727 mo·

528 760 681 831 dum
720 758 949 853 coepit.
1007 757 1242 828 Primis
1260 754 1660 851 temporibus
1681 806 1701 838 ,
1722 781 1868 828 cum
1887 756 2170 827 nondum
2193 781 2273 827 ex
2290 756 2588 828 humano

527 881 766 960 genere
788 877 1062 956 cognata
1079 855 1386 928 astrorum
1403 852 1643 926 semina
1660 854 2070 928 aboleviss'ent
2089 913 2109 939 ‚
2129 865 2198 928 &
2219 858 2390 929 inter
2407 855 2591 954 supe-

455 1021 456 1024 ,
528 984 634 1047 ros
658 953 1104 1055 mortalesque,
1125 981 1257 1027 non
1279 955 1475 1024 virtus
1497 1002 1518 1035 ‚
1544 952 1649 1027 sed
1668 954 1978 1027 habitatio
1996 1002 2016 1037 ‚
2052 950 2403 1027 discrimen
2423 983 2588 1028 con-

419 1069 422 1074 '
530 1054 846 1135 flituifl'et‚
871 1055 1124 1155 patebat
1141 1057 1206 1126 in
1225 1052 1383 1124 astra
1405 1054 1795 1126 merentibus
1816 1059 1914 1129 via
1935 1085 1957 1142 ;
1998 1063 2059 1127 &
2082 1060 2268 1127 ccelo
2290 1058 2588 1128 mortali-

530 1177 625 1229 tas
674 1180 856 1254 paene
888 1156 1086 1227 libere
1127 1152 1560 1227 commeabat.
1609 1155 1834 1228 Testis
1888 1158 2191 1230 Herculis
2231 1155 2587 1254 Liberique

530 1254 701 1330 fama
737 1253 1081 1352 nepotibus
1099 1251 1266 1342 sacra
1290 1301 1313 1337 ‚
1350 1260 1415 1325 &
1437 1274 1539 1324 tot
1561 1252 1907 1329 humorum
1947 1281 2292 1354 corporum
2319 1253 2586 1341 formae,

529 1382 670 1456 quae
710 1355 1063 1427 viventium
1100 1354 1368 1426 siderum
1409 1378 1743 1428 numerum
1780 1378 2112 1428 auxerunt.
2166 1355 2287 1430 Sed
2321 1353 2588 1454 postea-

527 1482 724 1556 quam
761 1455 1011 1527 virtutis
1032 1455 1296 1552 praemia
1314 1453 1524 1528 libido
1538 1459 1915 1555 occupavit,
1959 1461 2026 1528 δι
2062 1455 2223 1529 nihil
2242 1454 2590 1527 honestum

526 1556 697 1629 inter
712 1552 1014 1627 homines
1034 1554 1209 1625 credi
1226 1555 1461 1652 coepit,
1484 1557 1657 1655 quod
1679 1584 1810 1630 non
1828 1558 2228 1655 voluptatem
2248 1556 2597 1655 promitte-

530 1678 674 1743 ret;
711 1655 803 1727 dii
820 1677 1187 1755 corruptam
1207 1654 1674 1729 humanitatem
1698 1657 2005 1738 aversati,
2044 1655 2493 1754 praecluserunt
2509 1657 2596 1725 li-

530 1756 765 1830 mitem
784 1758 1134 1843 coelorum,
1153 1764 1218 1829 &
1238 1753 1632 1854 flagitiorum
1649 1759 1966 1855 gravitate
1980 1756 2155 1829 suum
2173 1756 2419 1829 aethera
2436 1777 2600 1826 one-

535 1881 677 1928 rare
699 1877 1072 1928 timuerunt.
2080 1884 2085 1890 ¹

601 1956 813 2052 Igitur
829 1950 1043 2025 amissa
1061 1951 1433 2022 aeternitatis
1455 1950 1552 2018 via
1569 1948 1958 2040 superiorum
1976 1944 2348 2018 saeculorum
2367 1952 2601 2023 infeli-

457 2045 462 2054 ‘
529 2050 1043 2123 citas-laboravit,
1068 2056 1134 2116 δι
1155 2068 1383 2112 omnes
1399 2046 1760 2138 excogitata
1781 2039 2097 2114 sacrorum
2119 2046 2417 2112 novitate
2436 2053 2595 2141 plus

527 2149 727 2216 etiam
771 2145 1034 2212 deorum
1051 2139 1441 2210 iracundiam
1462 2136 1901 2212 sollicitarunt.
1939 2139 2246 2214 Tandem
2267 2144 2468 2239 paulo
2488 2142 2597 2214 su·

525 2268 639 2342 pra
669 2261 928 2313 aetatem
964 2263 1172 2310 meam
1209 2239 1407 2336 aliqui
1440 2235 1751 2310 sacrorum
1777 2240 2054 2339 ineptias
2077 2239 2392 2338 aspernati
2413 2241 2594 2326 sunt,

525 2344 1064 2437 detraxeruntque
1099 2339 1513 2436 ineptissimis
1548 2336 2103 2438 superstitionibus
2121 2343 2365 2414 larvam
2386 2388 2412 2425 ‚
2450 2363 2591 2425 aut,

526 2462 601 2511 ut
618 2441 847 2513 melius
870 2436 1078 2509 dicam
1099 2486 1124 2522 ‚
1139 2437 1472 2509 detrahere
1489 2437 1628 2509 sunt
1645 2438 1940 2538 aggressi.
1996 2449 2391 2538 stupuerunt
2404 2444 2587 2514 enim

533 2544 604 2615 in
641 2559 936 2635 conatu,
987 2539 1164 2610 velut
1198 2538 1364 2608 tanti
1401 2538 1613 2635 operis
1650 2539 2130 2613 immanitatem
2170 2540 2591 2635 demirantes3

536 2639 961 2737 contentique
982 2661 1062 2707 ex
1086 2638 1472 2736 religionum
1489 2662 1644 2735 agro
1660 2633 1984 2711 succidere
2007 2642 2281 2741 virgulta
2298 2698 2321 2726 ,
2359 2642 2596 2717 noxio-

537 2739 800 2811 snsfimas
839 2737 1082 2810 radices
1103 2757 1373 2833 tangere
1392 2738 1767 2812 timuerunt.
1817 2743 1972 2840 Ego
1990 2742 2247 2814 tandem
2267 2740 2400 2813 sum
2420 2786 2442 2822 ,
2463 2740 2589 2812 ho·-

535 2836 578 2909 s
571 2840 774 2934 pites‚
819 2835 1165 2930 majoribus
1201 2835 1347 2908 fatis
1369 2858 1551 2910 natus
1569 2885 1592 2920 ‚
1630 2839 1777 2936 qui,
1815 2861 1885 2916 ut
1907 2842 2183 2939 primum
2204 2861 2352 2912 aetas
2375 2841 2588 2939 magi-

542 2938 816 3010 strorum
847 2936 1125 3011 licentiae
1150 2962 1254 3009 me
1275 2936 1571 3009 subduxit
1591 2984 1614 3020 ‚
1659 2947 1723 3012 δε
1746 2942 1965 3036 purior
1978 2941 2264 3037 quaedam
2285 2939 2595 3013 doctrina

529 3038 705 3130 ,coeli
745 3059 1008 3108 munere
1038 3036 1413 3122 inundavit,
1459 3063 1590 3109 non
1629 3041 1807 3110 tenui
1839 3043 2119 3139 gemitus
2138 3041 2202 3111 in
2221 3061 2400 3111 tanta
2421 3042 2595 3112 cala-

544 3140 776 3211 mitate
799 3137 1202 3211 mortalitatis
1221 3183 1243 3218 ‚
1281 3162 1427 3209 cum
1446 3162 1673 3209 omnes
1691 3195 1709 3223 ‚
1754 3144 1865 3238 qui
1878 3140 2221 3211 duodecim
2245 3137 2472 3211 seculis
2493 3141 2590 3213 vi-

547 3258 774 3309 xerunt
797 3287 820 3320 ‚
855 3236 1140 3308 viderem
1180 3238 1378 3309 veluti
1420 3237 1765 3335 caliginosa
1784 3244 1978 3314 οοᾶε
1997 3265 2109 3341 per
2126 3240 2481 3341 praecipitia
2508 3248 2584 3314 Sc

546 3333 891 3408 immensas
927 3336 1262 3435 voragines
1283 3334 1637 3434 prolapsos.
1692 3348 1795 3412 Ac
1816 3342 1990 3439 quod
2010 3368 2117 3414 me
2140 3342 2419 3417 maxime
2436 3364 2588 3413 mo-

547 3435 644 3507 vit
662 3482 683 3515 ‚
724 3459 845 3529 nee
866 3461 1023 3506 unus
1041 3460 1123 3506 eo
1144 3432 1349 3533 spatio
1366 3439 1434 3507 in
1456 3437 1622 3508 hunc
1640 3438 1863 3527 orbem
1886 3442 1979 3515 est
2004 3430 2309 3542 ingressus
2327 3490 2345 3523 ,
2385 3464 2587 3541 quem

547 3560 681 3605 non
721 3530 903 3606 foede
942 3537 1011 3606 in
1047 3534 1350 3633 supplicia
1392 3558 1695 3634 perpetua
1726 3565 1942 3613 morte
1977 3546 2220 3615 viftura
2240 3566 2585 3615 commune

547 3632 1305 3732 flagitiumperturbarit,
1340 3661 1577 3717 nem0‚
1611 3641 1910 3736 inquam,
1939 3642 2047 3714 illa
2070 3646 2384 3743 religione
2406 3664 2581 3738 ‚quae

546 3754 684 3804 tum
705 3733 906 3833 viguit
922 3733 1084 3819 „fibi
1105 3733 1268 3806 aliud
1290 3738 1663 3809 aternitatis
1686 3741 2087 3817 domicilium
2111 3746 2373 3845 paravit,
2390 3765 2588 3838 quam

1689 3846 1697 3855 “
2022 3872 2026 3876 Α
2338 3841 2589 3941 impio·
