2738 4475
953 208 1010 283 P
1105 205 1160 284 Ἀ
1256 226 1310 286 R
1376 235 1449 287 ‘s
1490 234 1497 239 ’
1591 212 1649 286 1.
2205 240 2282 313 7¹

260 327 562 433 pugnabat
581 355 603 400 τ
623 324 1186 430 ρερετείίΐειῃςιιε
1202 325 1458 403 forfitan
1476 376 1498 409 ‚
1520 328 1635 404 nisi
1654 326 2015 404 cervicibus
2034 324 2105 398 in
2122 325 2303 425 spon-

257 433 397 504 dam
430 431 711 504 infliGcis
741 430 997 501 vulnera
1014 428 1488 503 recmduiffent.
1543 437 1865 504 Praeterea
1882 427 2031 499 sero
2050 423 2314 497 consen·

254 529 421 604 serat
451 531 526 600 in
556 533 715 600 iram
749 530 996 600 animus
1015 576 1037 609 ‚
1082 538 1148 603 δε
1170 531 1239 600 in
1263 528 1490 628 sylvis,
1547 555 1679 628 quo
1698 527 2026 602 'difficilius
2051 526 2322 597 molitur

254 630 475 704 imber
508 654 821 701 ramorum
854 630 1115 701 textiles
1153 653 1398 716 nexus,
1433 652 1519 700 eo
1551 628 1789 730 pigrius
1824 623 2100 701 admiffae
2142 648 2324 725 aqnae

267 728 586 827 stagnant.

375 837 467 898 At
483 852 635 899 vero
651 825 993 927 postquam
1010 848 1147 900 tem
1197 827 1361 899 estas
1383 827 1450 898 in
1470 824 1755 900 serenum
1776 825 2054 910 transiit,
2100 832 2168 899 δι
2209 820 2329 896 de-

267 924 549 1026 fatigatas
570 949 834 1002 mentes
854 926 1111 999 denfior
1127 854 1379 998 (gnanus
1398 922 1653 999 obsedit
1676 955 1699 999 .·
1731 925 2080 999 terribilem
2118 922 2330 997 fortu-

222 1056 234 1064 ’
271 1022 582 1100 naelusnm
607 1086 628 1112 ,
677 1028 794 1126 qui
816 1052 938 1096 nos
959 1048 1096 1097 tota
1113 1027 1212 1097 die
1227 1023 1588 1100 versaverat
1604 1073 1626 1109 ,
1652 1027 1982 1098 noeturnae
2002 1023 2325 1124 imagines

258 1126 668 1206 reddebant3
708 1146 778 1195 nt
816 1121 1102 1199 infestior
1135 1127 1245 1200 fibi
1280 1123 1430 1197 ess‘et
1448 1123 1586 1224 ipse
1604 1128 1848 1198 animus
1868 1148 1985 1225 per
1999 1125 2191 1197 miras
2209 1145 2331 1193 co-

253 1227 623 1327 gitationes
653 1219 721 1296 se
752 1245 994 1297 terrens
1017 1272 1039 1308 ,
1076 1250 1275 1325 quam
1311 1221 1556 1298 fniss'ent
1594 1248 1875 1300 externae
1914 1221 2335 1296 formidinest

252 1326 479 1400 donec
516 1346 976 1421 tympanorum
1014 1350 1086 1397 ac
1118 1323 1409 1396 tubarum
1452 1326 1715 1423 clangor
1737 1324 1852 1399 snb
1872 1322 2163 1395 rubentis
2184 1329 2332 1393 Au-

254 1451 431 1497 rorae
453 1419 682 1519 fugam
697 1424 1058 1519 inquietum
1074 1421 1373 1521 soporem
1387 1422 1675 1502 excussit,
1695 1448 1928 1522 meque
1945 1422 2026 1494 ad
2049 1414 2336 1521 §aratam

266 1522 366 1594 ab
396 1521 696 1617 Acignio
713 1516 962 1591 scenam
1001 1546 1149 1591 cum
1181 1526 1495 1593 Percante
1525 1519 1801 1593 adduxit.
1857 1522 2134 1595 Sedebat
2175 1516 2348 1593 mihi

332 1618 607 1691 roxime
650 1613 1141 1689 modestissimus
1161 1616 1347 1689 senex
1366 1663 1389 1696 ‚
1424 1619 1601 1706 cujus
1620 1643 1761 1692 cum
1783 1619 2247 1691 humanitatem
2264 1619 2351 1688 li-

270 1647 587 1794 gassem,
629 1714 956 1812 ingemui,
996 1714 1317 1787 fortunam
1355 1712 1673 1812 ejusmodi
1715 1719 1992 1790 moribus
2011 1743 2225 1789 meam
2244 1741 2352 1813 pa·

272 1821 487 1891 triam
527 1811 845 1888 invidiae.
894 1818 1051 1890 Nec
1086 1815 1372 1890 difficilis
1405 1811 1526 1886 fuit
1546 1813 1844 1886 similium
1862 1841 2115 1889 morum
2141 1815 2360 1886 conci-

271 1917 494 1993 liatio.
552 1939 701 1987 nam
726 1911 1091 1988 &secretus
1112 1917 1403 2011 impetus
1417 1912 1730 1986 invitabat
1751 1914 1829 1984 ad
1867 1914 2251 1992 amicitiam,
2286 1920 2355 1985 δε

283 2017 572 2090 orationi
595 2008 814 2086 nescio
833 2015 976 2113 quis
995 2016 1227 2115 genius
1246 2013 1663 2085 insinuaverat
1681 2012 1901 2086 fidem.
1954 2013 2163 2111 Igitur
2188 2038 2358 2095 non-

292 2117 446 2188 dum
465 2112 835 2212 composito
852 2117 1029 2187 aulaei
1050 2114 1326 2185 tumultu
1346 2111 1846 2211 ludimagistrum
1885 2108 2362 2210 spectabamuS,

296 2217 410 2314 qui
440 2212 622 2287 nudis
661 2209 793 2285 fere
829 2213 906 2287 ad
944 2212 1236 2288 cubitum
1277 2213 1533 2285 lacertis
1576 2239 1741 2285 nnnc
1779 2209 2074 2285 firmabat
2115 2211 2355 2286 orche-

293 2316 525 2392 stram,
577 2313 782 2385 modo
815 2311 1106 2394 scenam,
1167 2322 1236 2386 δε
1279 2311 1488 2385 verbis
1521 2310 1601 2386 ad
1639 2310 1989 2386 anhelitum
2009 2313 2354 2431 expressis,

295 2412 679 2486 hortabatur
710 2413 957 2484 afim-es
976 2460 1000 2493 ‚
1033 2413 1145 2483 bic
1184 2412 1377 2512 regiae
1416 2409 1807 2485 meminisset
1829 2412 2157 2511 gravitatis
2180 2461 2210 2498 ,
2242 2413 2363 2482 ille

313 2507 649 2584 muliebria
666 2509 1024 2603 pertinacia
1046 2505 1082 2579 'i
1114 2505 1299 2582 risum
1317 2557 1342 2592 ‚
1382 2510 1738 2608 lachrymas
1758 2530 2057 2582 tenerent
2079 2556 2102 2591 ‚
2142 2518 2209 2582 &
2236 2509 2370 2579 im-

320 2606 573 2709 positos
606 2606 1028 2677 mentirentur
1043 2605 1327 2681 affeaus.
1379 2611 1656 2682 Interim
1679 2609 2003 2708 optimum
2021 2603 2239 2680 senem
2263 2632 2370 2678 ro·-

317 2708 593 2810 gabam:
637 2728 790 2776 num
813 2725 881 2775 ut
897 2705 1250 2779 audiveram
1267 2709 1335 2779 in
1353 2710 1706 2809 Acignium
1727 2704 2130 2782 consenfiffet
2146 2708 2366 2781 omnis
2442 2791 2465 2804 x

310 2810 622 2880 virtutum
659 2799 939 2898 famili23
970 2830 1120 2877 num
1153 2809 1219 2878 in
1251 2810 1567 2882 verticem
1593 2809 1980 2912 integritatis
2020 2806 2371 2884 hominem

309 2906 565 2984 Gratiae
584 2927 780 2975 manu
801 2900 1155 2979 duxiffent?
1189 2901 1456 2979 Hicine

483 3007 788 3102 suspirans
800 3061 821 3088 ,
857 3008 1086 3099 imoque
1102 3010 1339 3079 trahens
1357 3001 1400 3078 ἆ
1408 3017 1623 3102 pedore
1640 3021 1834 3083 vocem
1851 3037 1875 3096 ς

322 3107 420 3180 Et
447 3129 646 3184 vero,
679 3102 932 3201 inquit,
968 3106 1309 3178 ducebant.
1366 3110 1694 3205 Quodque
1727 3106 1946 3198 justius
1986 3101 2372 3202 indigneris,

326 3227 465 3277 non
484 3203 668 3274 inviae
690 3226 878 3301 rupes
895 3251 919 3288 ,
945 3228 1078 3275 non
1105 3202 1180 3274 as
1212 3229 1317 3277 era
1334 3197 1609 3277 cautium
1634 3207 1784 3276 mali
1838 3205 1998 3273 nitas
2015 3260 2038 3289 ,
2060 3200 2376 3303 auspicata

328 3299 697 3400 compreffit
731 3299 1038 3403 vestigia3
1074 3231 1210 3376 secl)
1217 3305 1424 3376 exiles
1463 3302 1708 3401 stipulae
1726 3230 2135 3375 sufiinuerunt
2157 3300 2380 3402 perso-

320 3426 482 3476 nam
519 3398 946 3475 robustiffimae
966 3405 1182 3476 molis.
1240 3406 1521 3476 Diceres
1541 3401 1775 3473 domiti
1790 3404 2103 3478 exercitus
2120 3405 2388 3476 inanem

321 3498 625 3573 umbram
640 3501 947 3574 vifiorem
968 3506 1263 3575 animum
1284 3496 1584 3573 terruisse.
1644 3506 1743 3570 lta
1764 3497 1894 3573 fuso
1912 3503 2213 3575 vitiorum
2230 3525 2387 3573 exa-

329 3601 512 3676 mine
551 3622 678 3670 non
712 3605 919 3698 potuit
958 3598 1391 3699 suspicionem
1412 3601 1715 3672 vitiorum
1734 3596 1971 3698 fugere.
2029 3601 2384 3676 Vanitatis,

321 3697 647 3784 ambitus,
686 3700 1011 3775 aviditatis
1046 3698 1501 3799 inrepublica‚
1540 3699 2027 3774 inrelitteraria
2043 3697 2391 3858 reprelben-
2453 3747 2459 3756 ·

1314 3799 1376 3871 E
1421 3817 1481 3891 4
2242 3792 2396 3856 itur.
