2738 4475
921 214 975 284 Ρ
1078 234 1127 282 Α
1217 234 1275 295 12
1369 234 1403 285 s
1555 213 1611 285 1.
2136 240 2166 290 ι

278 310 712 415 sesquitalento
751 334 944 411 quam
983 311 1163 381 voles
1202 330 1463 408 partem
1481 308 1760 408 optabis.
1808 307 2065 381 Placuit
2094 237 2283 390 ειὶέιξι

268 416 550 490 amentiae
569 437 736 486 meae
765 409 1076 482 conditio.
1130 414 1351 507 ltaque
1373 410 1586 481 divisis
1608 405 2093 507 exquifitiffima
2111 432 2175 482 ut
2192 414 2288 485 vi..

264 514 522 599 debatur
536 508 870 610 diligentia
884 507 1166 608 gemmis
1186 553 1208 590 ‚
1249 534 1396 579 cum
1421 533 1498 580 ex
1507 506 1813 606 penderet
1826 508 2034 605 pretia
2051 554 2074 588 ‚
2113 517 2180 583 δε
2200 514 2291 583 vi-

267 615 519 686 deretur
533 637 574 681 o
617 616 775 681 tima
791 606 916 680 fide
937 604 1238 679 solicitari
1257 655 1280 688 ,
1313 631 1581 679 omnem
1600 629 1679 676 ex
1700 611 1913 679 animo
1931 632 2085 679 meo
2103 606 2300 705 suspi-

268 714 523 782 cionem
555 737 588 782 a
632 708 823 781 stulit.
878 707 1169 778 Laminae
1200 708 1401 777 etiam
1438 729 1634 778 aureae
1672 707 1737 778 in
1770 705 2293 782 distributionem

271 832 610 902 venerunt3
643 829 709 878 ut
731 804 1102 878 feliciffimo
1120 827 1401 876 mercatu
1422 805 1744 879 crederem
1768 806 1805 876 a
1827 829 1929 878 me
1959 800 2157 878 exisse
2173 832 2292 906 pe·

273 912 539 981 cuniam.
589 909 766 979 Cum
783 907 979 1005 igitur
999 951 1023 986 ‚
1045 925 1343 1003 tanquam
1360 905 1473 976 ille
1490 903 1810 1001 quondam
1832 902 2289 1006 Philosophus,

270 1034 387 1108 pro
403 1009 650 1082 Punicis
682 1007 871 1080 malis
892 1027 1103 1075 cetam
1121 1025 1403 1076 tenerem
1420 1051 1447 1088 ,
1483 1002 1718 1075 hilares
1737 1003 1814 1074 ad
1832 1029 2090 1077 coenam
2125 1032 2293 1079 con-

262 1104 544 1181 ceffimus
562 1154 589 1188 ,
631 1116 699 1180 δι
718 1100 1075 1175 suavissima
1094 1102 1460 1175 remiffione
1479 1101 1683 1175 animi
1712 1103 2109 1178 condivimus
2127 1130 2291 1207 epu-

256 1204 342 1279 las
360 1206 439 1278 ad
455 1202 788 1279 fastidium
810 1226 1237 1303 pompamque
1250 1202 1615 1298 ,venientes

348 1310 454 1378 Ac
475 1304 893 1404 posteaquam
909 1304 978 1374 in
1014 1302 1280 1375 domum
1301 1324 1506 1375 meam
1526 1300 1725 1388 redii,
1765 1328 2087 1404 nunquam
2119 1303 2290 1382 mihi

249 1399 500 1478 suavius
523 1400 642 1475 fuit
661 1458 681 1486 ,
715 1427 862 1474 cum
879 1401 1127 1475 animus
1142 1398 1301 1471 lucri
1337 1398 1727 1473 confidentia
1746 1404 1968 1501 plenus
1984 1404 2182 1476 etiam
2215 1410 2292 1481 iu

245 1502 484 1577 medio
507 1500 736 1598 sopore
770 1524 904 1571 non
935 1492 1235 1582 ceffaret,
1276 1506 1340 1571 δι
1382 1500 1552 1569 inani
1585 1502 1981 1600 cogitatione
2015 1501 2293 1591 delusus,

244 1612 561 1700 gemeret
595 1617 841 1670 tantum
861 1598 1173 1694 temporis
1194 1593 1311 1667 suis
1346 1596 1690 1698 quaestibus
1723 1597 2051 1686 intercise,
2085 1628 2290 1703 quan-

250 1720 632 1771 tumanotae
647 1698 821 1768 lenta
837 1721 962 1768 nox
977 1718 1357 1793 opponeret.
2283 1735 2294 1744 ·

365 1802 551 1867 Pons
568 1798 633 1867 in
653 1796 762 1865 illa
782 1794 934 1867 urbe
954 1793 1217 1865 celebris
1236 1796 1448 1894 lignea
1462 1794 1678 1868 radice
1693 1791 2012 1896 consurgit
2033 1852 2051 1879 ‚
2073 1803 2141 1869 δι
2167 1821 2303 1871 tra-

244 1893 448 1968 bibus
466 1890 807 1968 artificiose
822 1895 1177 1992 compaffis
1194 1920 1323 1964 non
1345 1917 1479 1967 tam
1498 1895 1683 1997 undis
1705 1893 2160 1969 transeuntibus
2182 1899 2302 1972 ob-

244 1994 414 2071 stare
449 1993 732 2079 laborat,
768 2020 959 2092 quam
997 1993 1129 2064 auri
1161 1997 1538 2094 argentique
1576 1994 1965 2093 ponderibus
1997 1997 2299 2072 anhelans

251 2091 368 2165 sub
387 2093 667 2192 pretiosa
687 2095 861 2166 mole
879 2088 1129 2163 deficit.
1198 2094 1380 2166 Hinc
1402 2102 1466 2168 δι
1491 2096 1674 2165 illinc
1702 2094 2028 2168 aurificum
2062 2094 2293 2173 domus

256 2201 325 2269 ἃ
369 2190 650 2268 officinae
682 2189 851 2293 quali
887 2192 1202 2264 continuo
1239 2189 1573 2291 splendore
1610 2194 1896 2267 lucentes
1916 2243 1938 2276 ‚
1978 2196 2289 2274 unionum

252 2317 509 2394 quoque
539 2315 1069 2393 gemmarumque
1104 2289 1283 2390 supra
1311 2288 1687 2367 felicitatem
1725 2295 1873 2368 Indi
1906 2299 2138 2370 littoris
2177 2324 2292 2370 co-

249 2392 381 2508 pia.
432 2417 566 2490 quo
589 2393 785 2463 etiam
808 2415 982 2464 meas
1006 2414 1250 2463 merces
1274 2417 1418 2464 cum
1439 2389 1711 2465 tulilsem
1730 2439 1752 2472 ‚
1787 2392 1975 2467 senex
1999 2398 2291 2494 quidam,

248 2488 561 2588 mspeEtis
579 2491 922 2586 diligenter
937 2491 1214 2588 gemmis
1231 2546 1250 2574 ,
1290 2493 1386 2563 Et
1410 2515 1516 2564 mc
1534 2537 1557 2571 ‚
1574 2492 1787 2589 inquit
1808 2548 1830 2576 ,
1855 2492 2142 2565 deridere
2159 2518 2299 2566 cre.-

257 2588 363 2662 dis
382 2644 407 2673 ‚
433 2590 562 2678 jam
581 2587 621 2660 ὲ
641 2589 815 2658 cunis
833 2589 996 2659 inter
1014 2613 1299 2689 gemmas
1316 2588 1657 2662 educatum
1673 2634 1696 2670 ‚
1716 2592 1829 2688 qui
1846 2591 2058 2661 vitreae
2079 2586 2303 2677 frafiae

257 2688 601 2785 particulas
631 2711 752 2783 pro
780 2686 1011 2784 lapillis
1046 2686 1383 2759 rarioribus
1411 2687 1695 2781 objicis?
1749 2690 1896 2789 Ego
1928 2688 2295 2791 indignam,

255 2788 446 2858 velut
479 2785 517 2857 ὲ
540 2806 724 2856 cauto
757 2782 903 2858 sene
922 2785 1286 2874 deluderet,
1323 2788 1625 2860 maledixi
1660 2786 1932 2862 tabernae
1966 2811 2096 2865 tam
2132 2791 2293 2864 infi-

253 2886 472 2986 gniter
490 2885 869 2968 mentienti,
895 2887 1048 2957 &in
1069 2887 1259 2957 aliam
1281 2910 1389 2959 me
1406 2889 1644 2960 contuli
1666 2917 1682 2962 ε
1722 2890 1826 2964 ubi
1848 2915 1957 2963 me
1979 2918 2163 2989 paene
2181 2913 2295 2963 to·

251 3005 390 3080 tum
430 2984 750 3059 crudelior
791 2979 1047 3057 fortuna
1084 2985 1338 3057 evertit.
1398 2990 1574 3062 Nam
1609 3014 1754 3062 cum
1777 2989 2297 3086 Hyacintbinam

165 3081 174 3087 ’
254 3083 538 3160 inaurem
555 3081 738 3157 fabro
753 3084 1070 3157 traderem
1089 3141 1109 3168 ,
1153 3087 1554 3187 pretiumque
1572 3091 1745 3161 velut
1771 3086 1850 3158 ab
1871 3088 2005 3157 alio
2037 3107 2300 3184 emptu·

257 3205 360 3253 rus
393 3209 730 3283 rogaremg,
784 3186 1027 3275 Qanti
1051 3230 1073 3264 ‚
1116 3185 1323 3283 inquit
1345 3234 1377 3271 ‚-
1402 3185 1759 3285 crystallum
1784 3194 2035 3257 emeres
2054 3186 2304 3285 ineptia

252 3304 329 3352 ac
346 3281 592 3354 rusticis
609 3280 765 3354 fucis
785 3283 1103 3355 imbutum
1124 3287 1152 3350 ?
1177 3290 1351 3357 Tum
1373 3309 1502 3384 ego
1519 3282 1915 3381 smaragdum
1934 3286 2287 3387 porrigere,

253 3403 327 3452 ac
367 3382 751 3481 pellucidam
780 3383 1087 3456 unionem
1108 3430 1132 3464 ‚
1177 3387 1192 3417 ¹
1213 3405 1517 3482 quantam
1559 3384 1858 3482 AEgyptia
1886 3384 2301 3558 mulli-elegen

2031 3510 2138 3555 run
2194 3507 2289 3568 et,

325 3595 349 3630 r
389 3585 869 3653 gusta-usmis
884 3586 1136 3633 malfam
1160 3579 1239 3629 dn·-
1299 3577 1440 3630 debat
1469 3579 1669 3648 Ingentis
1683 3580 1887 3632 omnino
1931 3582 2034 3632 retii
2057 3598 2194 3635 acero
2220 3588 2297 3637 di.

246 3647 642 3717 &afferat-tenio.)
675 3657 810 3702 Cum
823 3641 953 3702 enim
979 3651 1239 3717 Cleopatra
1299 3647 1424 3710 luit,
1453 3650 1616 3698 &uno
1647 3648 1804 3699 haustu
1835 3649 1893 3699 ab
1913 3649 2069 3714 orpfit.
2117 3657 2291 3722 Exque

245 3718 735 3787 Egyptisseginaluxu
749 3717 1235 3780 mensaeabAntonio
1302 3717 1541 3768 Antonius
1583 3716 1700 3770 dana
1745 3733 1915 3782 manns
1948 3716 1996 3772 sc
2028 3717 2309 3786 firmatum*-

234 3778 518 3856 fltpctaretur
529 3822 547 3850 ,
564 3792 800 3844 unionem
813 3803 916 3858 qu:
929 3802 984 3840 cx
997 3802 1107 3839 aure
1120 3799 1234 3853 pen·
1301 3780 1528 3837 confessus
1545 3781 1621 3834 est.
2183 3864 2207 3902 ι
2250 3851 2300 3898 si

2406 3787 2413 3816 ἒ
