2738 4475
525 276 665 352 530
990 256 1515 329 Euenonu.
1565 258 2070 333 Sawrarcr

517 373 718 450 litatis
737 373 1019 448 scientiae
1038 373 1356 473 fastigium
1373 422 1397 455 ,
1427 373 1613 444 velut
1629 376 1839 474 aliquo
1854 376 2182 470 vaticinio,
2204 377 2512 455 destinan-

520 478 630 550 tis·
683 477 885 550 Scivit
907 476 1084 547 enim
1103 472 1496 545 audientium
1515 474 1768 546 animos
1785 476 1888 552 illo
1907 479 2253 573 praejudicio
2266 479 2370 551 fibi
2389 504 2504 578 pa..

531 598 703 650 ratos
720 575 1020 646 acerrima
1034 573 1379 671 diligentia
1396 570 1646 645 servare
1662 620 1686 655 ,
1728 570 2144 675 nascentisque
2155 578 2301 650 illinc
2319 574 2499 652 fama:

519 669 2501 873 ffga‘iffiissiffi'i'opifissdss‘ssiiisaegi“iilasii‘ssss‘issoensi'ffi

610 831 631 857 ι
1645 822 1671 858 Ο
1813 822 1833 859 2
2238 836 2256 863 a

516 874 810 968 impellat
850 871 928 942 ad
968 891 1121 944 vota
1137 870 1329 966 supra
1362 867 1543 968 spem
1576 896 1650 942 ac
1685 898 1840 970 pene
1870 872 2167 946 invidiam
2200 875 2453 947 sublimia
2471 897 2495 942 t

520 973 677 1043 Illos
701 970 862 1061 juvit
884 970 1023 1043 viro
1044 967 1271 1040 illustri
1286 968 1628 1042 occurrisse
1641 996 1765 1069 per
1783 969 1951 1042 soluta
1964 975 2027 1041 &
2047 972 2505 1075 incuriosagau-
2648 985 2649 1034 l

517 1069 628 1140 dia-
643 1066 874 1142 diffuso
891 1116 916 1150 2
949 1074 1013 1139 δι
1035 1069 1111 1139 ad
1133 1070 1408 1165 primam
1427 1093 1569 1166 qua:
1586 1070 1783 1143 obvia
1799 1068 1956 1142 fuerit
1974 1071 2314 1144 amicitiam
2332 1098 2509 1171 aper-
2648 1075 2649 1090 ¹

518 1185 631 1239 to:
686 1168 804 1239 hos
822 1179 928 1241 aut
943 1165 1319 1239 sententiam
1337 1188 1444 1238 aut
1463 1170 1687 1260 jocum
1709 1169 1961 1267 tempori
1972 1166 2257 1241 iuveniffe
2270 1198 2292 1240 ε
2328 1172 2503 1244 indi-

518 1270 691 1340 cium
715 1264 1107 1340 fortitudinis
1134 1269 1232 1338 vel
1255 1265 1581 1340 industria:
1602 1266 2129 1365 temereelapsum,
2166 1290 2266 1339 aut
2286 1266 2501 1340 lauda-

517 1368 618 1537 ἐξ
639 1362 924 1449 fortuita,
948 1389 1064 1440 nec
1083 1368 1296 1461 juvare
1320 1365 1645 1439 credentis
1664 1365 1824 1469 saepe
1837 1367 2068 1470 grandis
2082 1367 2278 1440 auxilii
2292 1367 2499 1443 vicem

613 1487 828 1540 tinuit.

621 1564 737 1639 Est
772 1565 966 1665 igitur
995 1566 1063 1637 in
1099 1564 1315 1664 dignis
1348 1564 1725 1639 hominibus
1743 1567 1849 1668 qni
1859 1567 2118 1668 Regiam
2129 1563 2390 1665 propitiis
2403 1561 2495 1635 fa&

522 1664 606 1734 tis
626 1669 841 1737 colant
866 1712 891 1748 ‚
926 1690 1075 1738 non-
1101 1689 1386 1762 praeceps
1424 1668 1673 1737 animus
1698 1716 1726 1751 ,
1763 1693 1895 1739 non
1914 1667 2233 1765 impatiens
2244 1668 2419 1738 lentae
2435 1687 2506 1736 ac

524 1765 899 1863 multiplicis
918 1763 1095 1861 spei,
1131 1761 1239 1837 sed
1262 1762 1658 1861 compositus
1678 1816 1703 1851 ‚
1740 1764 2099 1865 semperque
2116 1766 2180 1838 in
2194 1768 2513 1838 Fortunam
2560 1804 2572 1818 ·

530 1865 785 1937 intuens
807 1916 830 1952 ,
856 1889 940 1935 ne
957 1859 1310 1940 incuriosos
1329 1862 1596 1963 effugiat
1614 1912 1642 1949 ‚
1679 1864 1727 1937 fi
1742 1867 1892 1964 quid
1906 1867 2008 1937 illa
2026 1867 2208 1936 etiam
2226 1865 2516 1961 perplexe

524 1966 836 2038 annuerit.
895 1965 1021 2040 Sed
1041 1988 1157 2038 nec
1183 1967 1529 2061 expeRant
1545 1965 1613 2036 in
1630 1965 1811 2049 ocio,
1849 1962 2049 2036 donec
2080 1964 2232 2031 ultro
2243 1962 2351 2030 illa
2368 1956 2511 2031 feli-

529 2064 749 2138 citatis
767 2062 1008 2137 semina
1031 2083 1384 2136 occurrant.
1472 2064 1727 2162 Magnis
1758 2062 1979 2133 artibus
2006 2063 2216 2152 juvant
2246 2053 2516 2132 ἔοι-ωηατ

526 2155 741 2236 favere
761 2165 1035 2232 volentis
1055 2159 1466 2234 iudustriam:
1499 2184 1745 2261 quarum
1763 2155 2004 2230 fortafl'e
2023 2157 2399 2257 praecipuam
2418 2157 2523 2230 di·

523 2281 630 2330 cas
656 2305 680 2340 ,
731 2263 1242 2360 quamplurimos
1283 2262 1548 2336 amicitia
1578 2260 1907 2355 compleffl
1922 2304 1945 2340 ‚
1995 2259 2277 2356 aliquem
2308 2280 2522 2332 autem

527 2377 755 2431 mutuo
790 2359 965 2431 cultu
1007 2358 1328 2434 demereri
1348 2385 1420 2436 ex
1437 2360 1510 2432 iis
1529 2382 1684 2458 quos
1700 2359 1995 2457 Princeps
2013 2355 2089 2428 ad
2104 2358 2377 2456 gratiam
2395 2359 2526 2455 pri-

530 2482 655 2530 mae
671 2454 1128 2534 familiaritatis
1144 2459 1528 2534 admoverit.
1589 2461 1761 2533 Nam
1781 2465 1846 2531 δι
1861 2459 1969 2530 illa
1984 2452 2405 2528 succrescendi
2425 2480 2491 2527 ra
2502 2493 2526 2512 ·

490 2640 501 2649 ,
532 2559 632 2630 tio
669 2560 969 2659 apertiori
1007 2561 1264 2635 invidiae
1281 2559 1377 2633 est
1394 2556 1689 2632 subduaa
1705 2602 1727 2641 ‚
1760 2564 1826 2631 δι
1844 2554 2525 2659 saepiffimetegniopes

532 2660 746 2732 minus
807 2663 1015 2761 Regis
1063 2686 1254 2760 quam
1290 2658 1544 2732 suorum
1581 2662 1926 2732 amicornm
1955 2654 2331 2731 beneficium
2355 2651 2545 2728 finnt.

531 2758 661 2828 Sed
703 2757 779 2828 fit
810 2759 923 2827 ille
957 2762 1061 2830 cui
1095 2757 1161 2830 se
1196 2757 1502 2831 addicunt
1537 2755 1854 2851 ejusmodi
1876 2760 1996 2860 qni
2013 2760 2273 2832 clientes
2291 2753 2548 2855 publicis

515 2853 898 2925 commodis
919 2856 1112 2952 poffit
1129 2856 1451 2930 attollere.
1525 2859 1820 2931 Privatas
1854 2862 2029 2934 enim
2048 2882 2202 2958 opes
2217 2878 2417 2954 neque
2432 2879 2547 2928 vo·

527 2957 669 3026 lent
689 2956 1007 3054 purpurati
1026 2956 1356 3027 effundere
1378 2989 1404 3048 3
1452 2979 1573 3027 nec
1590 3004 1615 3038 ‚
1641 2957 1687 3030 fi
1706 2961 1915 3032 velint
1935 3008 1957 3043 ,
1976 2960 2130 3032 tanti
2146 2983 2220 3028 ex
2233 2956 2355 3025 illis
2372 2954 2536 3025 rivu-

524 3057 604 3130 lis
645 3055 825 3130 aestus
850 3056 1126 3127 exudent
1146 3113 1168 3141 ,
1195 3057 1417 3153 quanti
1437 3079 1514 3125 ex
1540 3054 1836 3153 ipsorum
1854 3060 2197 3156 Principum
2218 3051 2397 3126 mari.

632 3162 735 3232 Ex
772 3155 1065 3228 bisinum
1090 3205 1113 3241 ,
1150 3179 1344 3254 quem
1364 3153 1481 3226 fibi
1501 3158 1989 3254 propitiaverint
2007 3212 2024 3240 .
2063 3156 2274 3227 nolint
2285 3148 2556 3251 fatigate

528 3256 851 3357 frequenti
865 3276 969 3327 aut
987 3256 1197 3327 inutili
1214 3270 1396 3336 voto,
1406 3280 1489 3326 ne
1506 3257 1633 3347 jam
1650 3258 1716 3327 ei
1731 3284 1965 3358 graves
1981 3256 2106 3329 fint
2117 3256 2237 3327 vei
2247 3249 2400 3354 ipso
2414 3276 2568 3325 con·

527 3356 750 3457 speetu
768 3401 792 3436 ‚
809 3354 981 3453 quali
1003 3380 1233 3425 novam
1253 3349 1519 3426 subinde
1541 3380 1655 3450 per
1675 3381 1909 3450 preces
1926 3354 2304 3431 molestiam
2316 3355 2570 3440 allatum

525 3478 634 3524 aut
653 3472 950 3535 temere,'
985 3461 1051 3526 &
1093 3456 1160 3524 in
1175 3452 1420 3550 exiguis
1441 3452 1623 3523 rebus
1644 3450 1874 3527 favore
1897 3457 2306 3556 consumpto
2326 3456 2579 3528 multum

525 3550 644 3649 ipli
662 3551 938 3624 debeant
961 3558 1215 3651 (utpote
1233 3553 1308 3621 ad
1333 3574 1553 3647 preces
1568 3551 1914 3647 innuenti)
1919 3581 2295 3656 parumque
2317 3552 2585 3628 fortnnae.

525 3656 605 3722 In
627 3647 852 3722 fabulis
871 3676 1127 3752 quoque
1147 3647 1432 3721 videmus
1449 3649 1620 3720 illius
1634 3650 2011 3744 prudentia·
2032 3653 2419 3756 expressam
2451 3656 2591 3728 ima·

524 3750 773 3855 ginem.
820 3753 1170 3849 Neptunus
1186 3744 1456 3825 Theseo
1478 3746 1620 3831 filio
1634 3749 1754 3819 tria
1772 3771 2023 3846 optare
2043 3755 2423 3831 indulserat
2446 3782 2468 3825 t
2484 3753 2594 3826 san-

2276 3914 2281 3919 .
2306 3878 2599 3959 iteratque
