2738 4475
453 285 597 365 304
743 289 750 293 ·
929 260 1441 334 Eur-uonna.
1497 263 2008 333 San-rme:

451 388 672 468 Adeo,
694 409 824 458 non
864 381 959 456 est
1000 384 1232 484 ubique
1271 406 1375 454 aut
1414 403 1627 452 amare
1643 379 2001 453 simulatam
2018 382 2320 458 virtutem
2335 441 2358 471 ‚
2405 407 2528 460 aut

452 490 758 560 vitiorum
793 484 1146 581 imaginem
1162 479 1378 555 odisse.
1437 479 1563 554 Sed
1589 482 1906 578 praecipua
1923 482 2084 553 ratio
2103 484 2168 554 in
2186 483 2519 558 aestiman-

455 588 559 658 dis
578 583 858 656 laudibus
878 603 980 652 aut
1002 585 1304 655 convitiis
1326 583 1451 653 effe
1472 579 1698 652 debet?
1722 584 1903 653 Nam
1924 589 1992 655 δι
2013 584 2138 656 illae
2157 581 2266 655 sub
2285 609 2516 685 quere-

452 688 659 758 larum
698 682 859 780 saepe
898 688 963 753 &
1001 681 1353 753 atrocitatis
1388 679 1598 778 specie
1620 678 1874 752 vibrant
1896 713 1920 774 3
1955 680 2090 755 haec
2109 705 2321 757 autem
2340 687 2513 757 inter

452 786 736 884 maligna
754 783 1073 880 praeconia
1089 779 1458 877 periculosis
1477 778 1716 849 insidiis
1739 784 2122 854 conduntur.
2146 791 2372 884 Itaque
2390 810 2518 857 nec

451 895 741 982 Satyram
786 877 998 953 fecisse
1017 878 1330 952 excusabo
1346 936 1366 964 ,
1405 903 1527 950 nec
1549 877 1625 950 ad
1643 882 1819 950 illam
1839 879 2156 954 acceffiss'e
2176 889 2290 983 qui
2309 893 2522 958 Pane-

451 986 640 1084 gyrin
658 979 1369 1079 expectarent‚tnodum
1391 1003 1542 1048 vero
1558 977 1823 1070 tenuisse
1839 999 1907 1049 ut
1922 978 2301 1080 castigarem
2320 986 2531 1057 licen·

455 1088 616 1154 tiam
655 1079 876 1178 scripti
914 1080 994 1152 ad
1027 1106 1248 1153 eorum
1271 1078 1703 1162 laudationem
1725 1103 1885 1178 quos
1910 1083 2214 1152 notabam
2237 1127 2260 1163 ‚
2292 1081 2528 1183 aequis:-

455 1181 617 1255 fima
637 1177 1101 1253 monstratione
1122 1174 1488 1251 defendam.
1543 1179 1727 1248 Nam
1746 1181 1957 1249 inania
1978 1204 2099 1252 nec
2116 1180 2394 1279 turpium
2414 1182 2522 1255 vi-

458 1283 699 1354 tiorum
719 1278 1090 1351 simulachra
1108 1282 1175 1351 in
1194 1271 1509 1376 plerisque
1528 1274 1881 1373 quaesivizut
1901 1276 2012 1349 sub
2030 1281 2334 1378 opinione
2354 1305 2520 1382 que-

454 1383 731 1455 relarum
767 1378 1302 1476 opportunissima
1343 1376 1864 1475 praevaricarione
1897 1376 2234 1451 laudarem.
2290 1385 2442 1453 Hos
2464 1378 2514 1454 si

455 1503 590 1553 tam
634 1474 1029 1551 mansuetum
1073 1478 1383 1570 judicium
1426 1472 1703 1548 offendit
1739 1521 1762 1557 ‚
1798 1475 2226 1580 damnantque
2259 1475 2514 1551 benefi-
2581 1489 2585 1492 “

462 1581 636 1652 cium
655 1578 936 1651 innoxiae
959 1577 1307 1662 libertatis;
1323 1572 1544 1648 saltem
1569 1577 1889 1675 patientur
1907 1581 2243 1652 emendari
2257 1575 2527 1663 facinus,

466 1689 535 1753 &
576 1675 911 1778 superfusis
951 1677 1237 1754 laudibus
1253 1722 1277 1760 ‚
1313 1681 1331 1712 ¹
1351 1674 1546 1748 instar
1566 1676 1917 1750 Simonidis
1940 1681 2168 1750 oculos
2188 1675 2332 1754 suos
2354 1702 2529 1781 quae·

472 1781 679 1853 tentis
698 1779 968 1877 expiari.
1558 1849 1559 1852 ,

471 1961 478 1966 ,
573 1883 663 1952 Et
683 1880 1055 1952 Callionem
1073 1874 1335 1975 quidem
1352 1895 1486 1944 tam
1506 1870 1625 1942 suis
1647 1874 2056 1943 lineamentis
2074 1873 2531 1971 expresseram,

472 2002 540 2062 ut
564 1975 983 2078 suspicionem
1006 1975 1041 2043 a
1064 1975 1305 2044 caeteris
1330 1973 1576 2043 viderer
1590 1968 1980 2039 submovisse.
2043 1975 2157 2039 Ne
2174 1972 2359 2039 illum
2380 1977 2535 2067 qui..

473 2080 623 2150 dem
693 2075 1063 2146 roduxeram
1085 2071 1390 2163 vulgo,ne
1409 2063 1585 2159 spem
1607 2065 1922 2134 redeuntis
1936 2067 2244 2138 amicitiae
2262 2066 2526 2165 vulgata

468 2197 589 2246 nec
623 2104 909 2241 siinabilis
943 2165 1169 2254 injuria
1204 2164 1625 2261 extingueret.
1687 2162 1889 2263 Igitur
1904 2162 2202 2260 quaedam
2228 2165 2373 2237 vela
2395 2166 2527 2239 cir-

467 2268 791 2342 cumvolvi
812 2264 905 2334 illi
922 2263 1148 2332 tabulae
1170 2261 1246 2333 ad
1265 2260 1454 2359 ipsius
1476 2284 1711 2334 naturae
1729 2263 2067 2335 veritatem
2084 2263 2393 2363 expressa:
2416 2285 2531 2351 ,ut

468 2393 585 2442 nec
609 2365 764 2436 alius
789 2363 947 2435 meis
968 2361 1118 2431 telis
1137 2359 1284 2432 huic
1305 2357 1422 2432 soli
1445 2359 1776 2433 destinatis
1804 2356 2281 2446 sauciatam&
2303 2388 2533 2438 tamen

377 2460 384 2470 ’
471 2467 708 2541 secreta
743 2465 764 2536 i
812 2462 1102 2533 nominia
1137 2461 1277 2557 plus
1311 2459 1554 2559 pudore
1589 2462 1657 2531 in
1679 2456 2000 2533 consciam
2019 2486 2314 2536 mentem
2333 2490 2532 2565 quam

375 2608 388 2643 ι
475 2566 742 2640 infamia
769 2491 1037 2635 saeviret.
1089 2561 1343 2632 Multos
1391 2585 1648 2659 quoque
1683 2558 2112 2633 admonebam
2129 2609 2152 2645 ‚
2204 2569 2528 2637 ’errorem

478 2693 677 2767 quem
718 2686 1041 2762 nunquam
1080 2681 1328 2731 amator
1361 2661 1565 2730 Poeta
1597 2661 1919 2758 expiavit,
1953 2686 2088 2732 non
2120 2665 2317 2735 tutius
2335 2665 2532 2735 latere

480 2791 673 2862 quam
707 2787 924 2835 verum
961 2761 1360 2853 Gallionem.
1422 2758 1873 2832 Nihilominus
1894 2762 2083 2831 autin
2104 2763 2311 2859 plures
2334 2760 2532 2835 divisa

480 2866 666 2939 scena
686 2858 927 2933 insclici
959 2856 1321 2931 curiositate
1335 2860 1735 2958 quorundam
1752 2885 1888 2933 non
1908 2884 2098 2932 unum
2124 2862 2525 2960 inquinabat,

2408 2980 2527 3032 aue

557 3162 582 3201 ι
623 3144 762 3214 Instar
787 3142 1022 3195 simonide}
1039 3143 1272 3207 oculossm
1284 3161 1479 3211 quarm·
1530 3144 1677 3211 erepti
1703 3141 1887 3195 fixerant
1902 3177 1918 3200 ‚
1965 3154 2205 3194 accurrunt
2250 3143 2440 3213 cognati
2473 3153 2533 3195 ut

486 3218 600 3277 eie-1
621 3224 737 3267 Sunt
752 3216 834 3282 qui
850 3210 1112 3264 attribuunt
1129 3213 1362 3262 Simonidi
1379 3229 1480 3263 me·
1533 3210 1639 3264 suos
1667 3208 1997 3281 recognoscant
2014 3243 2033 3270 ‚
2088 3209 2165 3261 sed
2207 3215 2344 3263 ruina
2355 3213 2534 3262 domm

489 3287 694 3336 moriam
709 3285 908 3333 localem
922 3280 1012 3331 hoc
1027 3281 1189 3331 modo.
1232 3283 1386 3342 Aiunt
1401 3279 1483 3332 sci·-
1533 3297 1701 3333 omues
1742 3283 2001 3347 deturparat
2019 3296 2035 3328 ε
2081 3285 2219 3332 unus
2260 3281 2531 3332 Simonides

486 3353 596 3401 licet
623 3367 730 3400 cum
763 3350 1026 3401 Simonides
1044 3350 1165 3398 inter
1178 3352 1401 3399 convivas
1419 3348 1483 3400 se·
1533 3354 1612 3417 qui
1627 3349 1793 3401 sciebat
1808 3353 1998 3416 quinam
2015 3351 2169 3428 prima
2184 3351 2286 3399 loca
2300 3385 2318 3409 ,
2334 3352 2528 3418 quime-

485 3418 618 3467 dcret
646 3419 725 3485 qui
755 3420 967 3486 negleao
994 3417 1189 3469 Castore
1217 3419 1268 3468 δι
1299 3421 1488 3469 Polluce
1532 3423 1638 3477 dia,
1655 3420 1890 3470 &ultima
1903 3413 2152 3468 tenuissent
2167 3450 2192 3478 ,
2213 3414 2532 3485 pomitmjns-

488 3499 679 3537 ceteros
711 3484 826 3537 deos
846 3484 1156 3545 invocabant,
1183 3485 1281 3536 duo
1296 3490 1484 3547 juvenes
1531 3505 1621 3556 que
1634 3485 2045 3538 nomenindicare.

488 3554 538 3605 i'n
555 3555 684 3620 equis
700 3553 759 3602 ad
770 3556 918 3604 limen
931 3552 1113 3622 pulsant
1128 3586 1148 3613 ,
1163 3554 1485 3622 postulantque
1598 3570 1625 3605 2
1660 3562 1855 3606 firmem
1869 3572 1994 3622 quem
2006 3571 2220 3621 ›unq-m
2233 3557 2528 3623 ωανμὲα

487 3622 703 3674 advocari
750 3623 1044 3673 Simonidem
1079 3638 1187 3675 cum
1219 3625 1369 3672 altero
1402 3623 1481 3688 qui
1527 3625 1771 3690 expiavit]
1803 3622 2023 3688 luti-‚llige
2049 3621 2274 3672 Ovidium
2298 3622 2377 3688 qui
2391 3625 2528 3688 paulo

486 3703 658 3741 numen
671 3689 991 3754 Tyndaridum
1010 3693 1265 3745 invocarat.
1287 3692 1481 3755 interim
1530 3692 1717 3741 liberius
1745 3690 1807 3740 de
1825 3690 2068 3741 amoribus
2084 3686 2529 3757 ostavii.scripserat;

485 3757 657 3809 domus
687 3757 816 3806 ruina
833 3760 1163 3829 opprimuntur
1175 3760 1381 3812 conviva:
1398 3755 1486 3809 sal·
1533 3759 1656 3818 uude
1670 3761 1740 3811 illi
1754 3761 1952 3814 exilium
1962 3755 2311 3829 sempiternum·

491 3843 554 3882 vo
584 3825 826 3881 Simonide
852 3842 960 3878 cum
980 3823 1108 3881 socio
1123 3829 1204 3900 qui
1234 3825 1261 3879 ὲ
1278 3817 1484 3896 peiiculo
2348 3902 2375 3941 ι
2417 3896 2496 3943 ω

2499 3907 2548 3945 ο·
