2738 4475
543 249 682 350 5621
997 241 2118 321 Eunaeum-smirna

538 383 647 454 qua
713 391 910 434 manus
965 372 1196 432 brachio
1223 345 1611 429 commit'titur
1639 407 1657 432 ‚
1702 367 1952 430 indicem
2002 367 2250 432 admovi;
2297 363 2545 429 defecerat

547 457 739 514 omnis
758 457 1078 513 arteriarum
1101 449 1302 528 pulsus,
1325 444 1733 524 succedensque
1748 451 1805 505 in
1821 453 1935 527 ejus
1950 449 2150 507 locum
2165 443 2360 527 glacialis
2369 444 2542 514 sudor,

547 536 815 613 pertinaci
832 534 1058 612 glutino
1074 547 1264 589 totum
1285 547 1487 605 corpus
1503 529 1836 585 irroraverat.

637 617 778 671 Ecce
807 614 940 670 dum
974 611 1235 669 sudorem
1249 622 1484 686 exterge
1500 645 1517 668 .
1537 607 1785 664 frontem
1799 603 1935 663 fn'co
1948 645 1966 670 ,
1984 607 2188 681 pastus
2202 604 2353 680 deoego
2366 640 2382 666 ‚
2396 600 2539 658 defi·

557 690 726 751 cienti
757 691 972 768 spiritui
1004 705 1307 747 ventorum
1321 687 1546 765 spiritus
1560 685 1777 764 praebeo
1789 724 1807 749 ,
1834 684 2223 760 superveniens
2234 681 2429 740 militaris
2442 699 2533 737 co-

554 773 681 830 hors
700 771 998 846 interrupit
1015 769 1432 834 humanitatem
1453 785 1640 824 meam
1660 804 1677 830 ‚
1702 768 1774 824 δί.
1787 764 1921 840 quafi
1937 779 2050 818 non
2070 762 2269 819 liceret
2281 760 2527 833 effepium,

549 853 610 910 in
629 853 823 927 ignoto
840 848 1125 905 damnavit
1141 845 1395 903 officium
1410 845 1565 924 quod
1584 841 1861 905 Romulus
1870 840 1993 898 olim
2007 841 2192 901 civica
2220 856 2391 897 corona
2410 835 2508 895 fine

547 926 836 1005 plebiscito
863 926 1125 984 donass'er.
1169 927 1405 983 Interim
1436 934 1747 982 marcentes
1775 919 1947 979 oeulos
1971 936 2096 995 quae
2100 919 2229 993 jam
2240 918 2426 993 jacebat
2437 915 2518 972 ali-

547 1006 883 1084 quantulum
898 1006 1135 1062 allevans
1151 1003 1473 1067 reviviscere
1486 1020 1578 1059 coe
1620 1004 1697 1065 it,
1738 998 1847 1056 five
1870 998 1999 1056 illam
2028 997 2315 1053 tumultus
2338 994 2527 1058 hostilis,

545 1088 663 1146 five
681 1084 988 1162 frigidioris
1006 1085 1140 1142 ae’ris
1158 1082 1381 1140 libertas
1396 1084 1578 1140 excita
1650 1095 1696 1139 t.
1759 1082 1904 1135 Tum
1928 1077 2128 1133 demum
2147 1075 2529 1132 convertentia

551 1183 648 1221 me
663 1163 893 1240 pallidos
913 1164 1095 1221 vultus
1113 1200 1128 1226 ‚
1168 1171 1306 1220 nutu
1336 1159 1545 1218 servitii
1576 1162 1695 1217 mei
1728 1157 2107 1216 continuitatem
2135 1151 2524 1227 interpellabat.

548 1247 606 1304 δι
621 1262 758 1300 voce
780 1242 932 1302 nond
940 1262 1036 1300 um
1060 1241 1219 1298 firma
1232 1278 1248 1300 2
1285 1254 1351 1298 ut
1367 1238 1532 1297 sciret
1546 1240 1640 1295 cui
1659 1235 1982 1295 beneficium
1997 1227 2194 1291 debebat
2208 1270 2224 1294 ,
2237 1230 2305 1287 de
2318 1226 2533 1287 saevitiis

595 1318 906 1379 raesentium
926 1319 1274 1399 querebatur.
1329 1322 1409 1375 At
1425 1318 1509 1376 illi
1526 1316 1838 1374 maritimis
1849 1314 1971 1373 saxis
1985 1311 2243 1369 surdiores,
2272 1308 2527 1368 &crude-

550 1342 713 1458 gores
751 1401 1070 1459 Siculorum
1089 1408 1475 1474 ‘tyrannorum'
1507 1394 1835 1454 satellitibus
1852 1435 1869 1460 ‚
1897 1412 1957 1449 ne
1979 1387 2275 1468 supplicantis
2298 1384 2524 1463 quidem

547 1494 689 1537 voto
721 1478 1172 1557 responderunt,·
1188 1475 1277 1534 sed
1297 1517 1313 1543 ,
1346 1476 1558 1535 infestis
1590 1474 1856 1534 manibus
1882 1474 1964 1532 ori
1986 1465 2226 1545 oculisque
2247 1462 2512 1540 impolitis,

553 1576 751 1617 vocem
774 1559 931 1617 simul
951 1562 1003 1617 &
1021 1570 1190 1614 nutus
1210 1556 1531 1614 cohibuere.

564 1671 570 1678 ‹
633 1637 901 1696 Trahitur
933 1636 1154 1714 publica
1185 1638 1271 1693 via
1285 1634 1559 1692 caducum
1574 1632 1732 1691 annis
1750 1634 1807 1690 &
1826 1629 2081 1689 moestitia
2093 1644 2264 1703 corpus
2277 1664 2292 1690 ,
2315 1618 2518 1680 exitium

556 1718 777 1774 virtutis
795 1723 850 1778 ὃ(
868 1717 1025 1796 regni
1044 1716 1238 1793 ingens
1253 1713 1347 1790 pla
1387 1733 1416 1771 a
1433 1755 1448 1779 ,
1490 1731 1624 1771 cum
1656 1708 1757 1768 sub
1776 1712 1922 1786 justo
1940 1709 2176 1786 principe
2190 1703 2431 1763 severitate
2445 1699 2527 1755 ‹lo-

561 1798 900 1854 minantium
934 1815 1006 1852 ne
1037 1795 1202 1852 verba
1235 1795 1333 1871 qui
1376 1812 1468 1849 em
1502 1795 1559 1849 δε,
1574 1789 1833 1866 lacrymae
1850 1791 2079 1864 impune
2092 1785 2265 1842 effent.
2305 1783 2367 1840 Et
2379 1797 2437 1838 ne
2451 1796 2530 1835 me

562 1876 754 1933 lateret
774 1890 939 1934 tantae
957 1873 1257 1931 ferocitatis
1279 1867 1436 1929 causa
1455 1911 1471 1935 ,
1503 1871 1760 1928 inventus
1775 1870 1850 1925 est
1862 1867 2057 1943 aliquis
2072 1864 2340 1940 paululum
2356 1857 2384 1916 ὲ
2400 1856 2531 1915 turba

563 1952 817 2014 seduCtus
835 1955 992 2029 (dum
1015 1965 1325 2010 matronam
1347 1962 1678 2007 moerentem
1698 1954 1753 2008 &
1770 1948 1939 2003 crines
1951 1963 2077 2001 cum
2097 1941 2532 1999 vestelacerantem

564 2035 659 2091 alii
677 2035 744 2091 ad
755 2035 982 2108 vehunt)
996 2033 1095 2109 qui
1112 2033 1397 2108 stuporem
1413 2047 1597 2085 meum
1616 2027 1720 2082 hac
1732 2027 1975 2082 oratione
1989 2019 2291 2078 discuteret.

642 2115 885 2170 Nullum
903 2129 1150 2187 unquam
1166 2107 1409 2166 stculum
1427 2106 1529 2162 hoc
1541 2106 1640 2160 isto
1652 2102 1893 2176 pluribus
1911 2100 2055 2155 vitiis
2064 2097 2401 2174 reflagnavit.
2444 2096 2533 2151 Ve-

560 2207 691 2246 rum
708 2227 725 2248 ‚
754 2210 886 2248 cum
922 2206 1128 2249 caeterae
1157 2189 1387 2246 virtutes
1412 2185 1514 2262 pari
1542 2181 1653 2236 fere
1676 2177 1927 2235 sententia
1940 2173 2170 2231 exulant
2179 2198 2201 2244 3
2242 2172 2536 2232 inventaest

557 2287 669 2324 una
687 2272 901 2326 Veritas
915 2311 930 2335 ,
967 2288 1092 2347 quae
1108 2269 1317 2329 catenis
1333 2277 1526 2325 onerata
1540 2298 1555 2323 .
1586 2260 1709 2314 flam
1717 2257 1818 2314 mis
1829 2255 1962 2312 tosta
1974 2291 1990 2317 ‚
2009 2253 2145 2308 rotis
2158 2253 2344 2309 colli&
2359 2291 2377 2316 ,
2419 2252 2535 2309 oleo

559 2345 816 2408 ebullita,
853 2349 912 2404 in
941 2348 1245 2424 perniciem
1279 2347 1420 2406 suam
1445 2335 1761 2399 subtilissima
1789 2349 2016 2411 quaeque
2032 2332 2249 2408 ingenia
2264 2331 2535 2388 invitet&

559 2438 733 2483 acuat.
793 2427 1008 2485 Mirum
1041 2437 1233 2484 tamen
1252 2454 1272 2498 ς
1315 2442 1426 2486 tam
1451 2430 1659 2479 cruenta
1680 2417 1843 2473 virtus
1877 2410 2101 2470 cultores
2128 2409 2348 2465 invenit.
2397 2410 2528 2485 jam

563 2504 748 2583 plures
763 2503 987 2565 faniiliae
1008 2504 1206 2565 faustis
1223 2501 1536 2582 parentibus
1550 2495 1782 2554 desolatae
1795 2535 1811 2559 ,
1843 2492 2014 2548 Deam
2039 2488 2220 2546 colunt
2239 2525 2254 2549 ,
2278 2503 2439 2562 quam
2461 2486 2521 2540 in

565 2584 792 2661 publico
808 2585 1076 2644 damnant
1093 2607 1107 2642 ε
1127 2599 1241 2650 aut,
1258 2584 1366 2642 suis
1376 2580 1540 2641 teffis
1553 2572 1791 2636 exclusae,
1801 2575 1862 2630 in
1874 2570 2029 2648 sylvis
2041 2566 2247 2626 delubra
2258 2577 2524 2655 extruunt.

562 2670 619 2725 &
640 2685 771 2730 aras,
790 2669 1025 2722 Veritati.
1062 2667 1193 2743 Jam
1212 2664 1317 2721 rari
1338 2661 1547 2719 nobiles
1560 2655 1745 2734 priscae
1755 2651 2005 2715 libertati,
2020 2668 2127 2728 qua
2136 2650 2360 2705 maxime
2369 2643 2540 2701 Gallu

562 2742 991 2799 commendatur
1004 2783 1020 2807 ,
1038 2763 1153 2799 non
1171 2741 1580 2801 valedixerunt:
1628 2736 1790 2809 hujus
1805 2732 1969 2792 funus
1981 2727 2230 2807 plangore
2242 2724 2431 2785 &veris
2449 2722 2543 2780 fle-

558 2819 708 2877 tibus
736 2818 985 2894 persequi
1003 2859 1021 2884 2
1052 2841 1125 2878 ne
1142 2820 1554 2896 potentioribus
1568 2815 1798 2895 quidem
1817 2810 2059 2871 foeminis
2073 2808 2274 2866 licitum
2290 2805 2372 2861 est.
2427 2805 2542 2859 Haec

550 2895 832 2972 justissimi
850 2900 1106 2954 moeroris
1125 2899 1562 2976 impedimenta,
1596 2913 1721 2972 qua:
1739 2893 1986 2950 miraris:
2025 2885 2245 2966 ipsaque,
2278 2880 2542 2944 mandisti»

557 2974 697 3052 regii
717 2971 996 3054 sanguinis
1014 2974 1225 3035 semina
1247 2976 1409 3033 saxeo
1424 2994 1639 3034 carcere
1654 2973 1929 3031 serviliter
1942 2964 2120 3029 inclusa
2133 3004 2149 3029 ,
2161 2960 2389 3038 exemplo
2401 2956 2538 3021 sunt,

562 3073 734 3132 quam
754 3052 1123 3134 periculosum
1144 3055 1210 3112 sit
1230 3054 1335 3113 hoc
1354 3069 1615 3129 tempore
1630 3054 1949 3111 Veritatem
1966 3048 2144 3108 senari.
2191 3045 2253 3099 Et
2275 3058 2338 3097 ne
2351 3053 2536 3110 mepu·

559 3150 642 3191 tes
659 3135 717 3190 in
733 3135 1048 3213 depravatos
1064 3132 1228 3194 seculi
1248 3154 1431 3191 mores
1445 3133 1643 3210 illegiti
1653 3151 1747 3189 ma
1763 3132 2035 3189 inve-&iva
2050 3118 2535 3184 excandesceremon-

559 3214 698 3271 dum
719 3228 963 3292 repertus
978 3216 1051 3272 est
1068 3255 1096 3298 ‚x
1116 3215 1228 3291 quiv
1250 3212 1496 3270 uberiori
1512 3212 1744 3269 suorum
1767 3207 2035 3290 sanguine
2045 3204 2544 3287 Veritatipareutaye·

559 3294 649 3350 rit.
692 3295 1095 3370 Capiluporum
1130 3311 1263 3370 gens
1278 3332 1293 3354 ,
1327 3291 1660 3366 integritatis
1695 3288 1811 3346 suae
1846 3291 2001 3348 fama
2015 3329 2030 3350 ,
2061 3300 2226 3345 totam
2239 3284 2541 3364 Ger-maman

563 3373 919 3446 impleverat:
954 3378 1027 3433 ὃς,
1051 3372 1202 3450 quod
1222 3372 1397 3427 rarius
1412 3372 1504 3429 cst,
1529 3369 1737 3425 bonam
1758 3384 2031 3427 mentem
2048 3362 2418 3427 comitabantur
2428 3352 2540 3413 nob·-

553 3449 711 3512 ‘litas‚
748 3458 802 3511 &
836 3453 1145 3525 ingenium.
1222 3451 1371 3506 Avus
1390 3466 1544 3504 meus
1558 3465 1691 3502 cum
1716 3464 1935 3522 corpus
1953 3448 2119 3506 suum
2136 3445 2327 3520 ubique
2338 3447 2538 3497 terrarum

560 3528 983 3588 circumtuliss'et
996 3529 1161 3595 ,nihil
1180 3528 1408 3585 inertius
1425 3540 1511 3582 tot
1528 3524 1909 3583 insolentibus
1931 3526 2206 3606 variisque
2222 3516 2541 3581 monachorum

558 3603 1014 3682 sectisjudieavit.
1072 3611 1260 3684 ltaque
1288 3620 1529 3663 centone
1557 3601 1586 3660 ὲ
1627 3604 1973 3678 Virgilianis
2006 3592 2549 3664 carminibusconfesto·

557 3688 858 3745 monastica
888 3688 1001 3744 otia
1019 3729 1034 3751 ,
1071 3685 1379 3743 simulatam
1400 3682 1833 3741 sanctimoniam
1858 3722 1877 3746 ‚
1926 3685 2249 3764 ingluviem
2269 3723 2284 3749 ,
2324 3673 2544 3739 avaritiam.

555 3763 845 3822 libidinem
863 3803 878 3828 .
899 3766 1292 3827 ambitionem,
1306 3761 1670 3839 petulantiam
1687 3796 1701 3820 ‚
1718 3761 1794 3815 »δε
1813 3760 2045 3840 reliqua
2058 3764 2342 3840 religionis
2354 3762 2539 3836 parem
2634 3752 2635 3766 ¹

554 3844 740 3907 multa
771 3841 965 3903 scelera
998 3844 1142 3921 stylo
1155 3841 1335 3904 alieno
1351 3837 2008 3902 solertiffimeconfodit.
2046 3843 2272 3915 Plebs,
2292 3822 2561 3968 quamn&

2419 3930 2466 3971 cl
