2738 4475
779 221 1488 298 Pansv.
1997 217 2157 327 639

85 343 164 403 tis
188 381 207 407 ,
233 339 567 399 confinium
585 339 830 398 instantis
846 337 1075 414 periculi
1089 351 1272 394 morte
1291 336 1598 395 voluntaria
1619 378 1635 403 ‚
1650 338 1929 415 praevertit
1941 358 1959 402 3
2001 342 2093 398 Sat
2108 339 2163 401 se

85 425 350 480 beatum
373 421 560 478 dicens
574 420 814 496 quiante
828 415 1020 474 oculos
1036 434 1188 472 meos
1201 418 1421 474 virtutis
1440 416 1546 473 suae
1561 419 1898 493 praecipuum
1917 420 1970 476 δι
1984 417 2167 479 lauda-

85 501 219 559 bile
241 500 542 576 specimen
559 496 839 574 praeberet.
888 495 1055 555 Nolle
1071 493 1121 551 se
1138 492 1476 571 supervivere
1493 493 1798 553 fortiffimis
1811 496 1968 552 sociis
1981 536 2001 561 ,
2027 517 2168 574 quoe

85 578 373 658 publicis
387 576 645 654 patibulis
661 589 926 633 mutuum
945 574 1114 631 robur
1128 571 1435 632 abstulisset.
1455 573 1664 631 Precari
1683 577 1926 632 Martem
1946 579 2004 652 §t
2021 577 2170 634 Mer.

87 659 356 716 curium
381 697 397 721 ,
417 654 537 714 fisos
551 657 715 720 Deos,
730 666 795 712 ut
813 673 904 711 me
919 653 1232 727 captivitate
1247 650 1562 713 liberarent.
1584 657 1641 712 δι
1657 690 1674 715 ,
1689 651 1919 728 spontali
1937 657 2171 729 parrici-

86 739 205 796 dio
222 733 417 793 satiati
437 775 454 802 ‚
472 733 801 792 abducerent
815 732 844 792 a
861 731 1068 790 saevitia
1078 729 1313 793 coelum,
1327 729 1479 808 quod
1493 731 1810 789 immerenti
1830 731 1972 789 mihi
1989 733 2178 809 injun-

245 829 275 871 t
295 828 532 871 aeternas
547 829 834 870 aerumnas.
894 809 1112 868 Ultima
1140 825 1252 866 vox
1280 812 1398 886 ejus
1424 808 1542 866 haec
1561 810 1703 867 inter
1717 810 1974 868 homines
1989 812 2174 873 audita

96 898 187 952 est
206 933 226 954 .
265 896 329 950 ὃ(
348 893 530 949 statim
546 908 675 948 cum
700 907 912 969 magno
929 887 1108 948 sonitu
1125 890 1371 946 animam
1388 907 1484 966 per
1510 899 1698 964 patens
1712 889 1911 947 vulnus
1931 888 2174 951 ebulliit.

99 974 454 1030 Accurrunt
475 969 765 1027 Melandrii
782 1009 797 1034 ,
826 971 880 1027 δι
898 1006 915 1032 ,
945 986 1014 1025 ne
1029 966 1171 1025 mihi
1188 967 1359 1025 etiam
1382 966 1647 1025 violentas
1679 987 1873 1026 manus
1904 966 2174 1029 inferrem

100 1050 490 1107 imminentis
506 1046 736 1125 periculi
756 1060 907 1104 metu
934 1085 951 1111 ‚
981 1045 1327 1104 dubitantem
1363 1063 1435 1103 an
1468 1048 1615 1103 mori
1630 1061 1725 1106 aut
1743 1049 1924 1104 vivere
1941 1049 2171 1107 mallem

98 1129 334 1187 catenis
354 1128 692 1205 impediunt.
736 1126 824 1184 sic
842 1126 908 1185 ad
928 1123 1273 1201 Liphippum
1292 1123 1556 1189 deducta,
1576 1124 1982 1202 prudentiffimi
2000 1130 2052 1186 R
2128 1129 2142 1142 “

105 1221 387 1266 venerata
407 1205 683 1282 majestate
696 1205 889 1283 (quam
909 1204 1089 1261 nimio
1104 1201 1239 1262 fastu
1258 1200 1626 1279 profitebatur
1642 1206 1711 1261 ad
1727 1222 1829 1263 nau
1837 1204 1977 1262 stam
1997 1148 2177 1265 (3:52

108 1303 197 1342 cae
237 1285 544 1360 libertatis)
578 1303 700 1362 quae
715 1301 866 1341 nunc
884 1281 1198 1341 intellexisti
1220 1278 1452 1340 fideliter
1469 1299 1748 1359 exponens
1763 1323 1781 1349 ,
1809 1282 2010 1342 saevum
2028 1285 2180 1343 fato·

110 1380 253 1421 rum
274 1362 504 1422 vultum
526 1360 592 1420 ad
607 1363 852 1439 aliquam
874 1360 1229 1418 clementiam
1248 1359 1444 1417 reduxi
1460 1398 1476 1418 .
1503 1358 1602 1417 nifi
1615 1361 1767 1438 quod
1781 1362 1963 1421 aberat
1993 1362 2175 1422 Alite-

108 1441 315 1519 philus
330 1482 347 1507 ,
372 1446 428 1501 δι
449 1440 635 1498 secum
654 1441 928 1514 majorem
950 1439 1063 1495 mei
1080 1449 1296 1515 partem
1313 1436 1604 1497 deferebat.

144 1551 153 1558 ·
204 1519 598 1595 pependerant
616 1519 736 1593 jam
773 1512 1083 1573 occisorum
1113 1516 1394 1574 latronum
1427 1515 1678 1577 cadavera
1692 1556 1712 1583 ‚
1743 1517 1810 1577 ad
1827 1518 2179 1598 reliquorum

121 1597 438 1655 horrorem
459 1617 473 1651 ε
511 1614 582 1652 ne
610 1594 929 1652 viderentur
943 1591 1061 1651 fato
1078 1592 1258 1652 functi
1278 1595 1650 1672 ignominiam
1666 1615 1899 1655 omnem
1917 1597 2184 1656 consum-

123 1675 290 1751 pfiss‘e
305 1714 324 1740 ,
344 1672 607 1751 &legum
625 1691 852 1749 poenam
872 1672 1184 1732 voluntario
1196 1672 1489 1751 parricidio
1506 1671 1730 1753 fugiffe‚
1743 1677 1844 1753 qui
1863 1674 2033 1734 semel
2052 1693 2181 1734 me-

132 1765 373 1810 ruerant
389 1752 610 1827 publice
630 1753 793 1810 mori.
870 1739 884 1776 ⁸
2179 1753 2182 1754 ⁷

219 1833 614 1889 Humanarum
634 1848 822 1889 rerum
844 1829 1094 1889 culmina
1108 1827 1470 1887 constantiam
1491 1847 1606 1888 non
1621 1831 1952 1891 inveniunt:
1988 1850 2184 1894 omnes

130 1909 453 1968 foelicitatis
470 1909 665 1967 nostrae
679 1909 898 1968 inimici
919 1908 1104 1967 sumus
1118 1947 1137 1970 2
1174 1908 1269 1967 ubi
1286 1907 1428 1967 nulli
1445 1907 1569 1966 sunt
1585 1911 1686 1987 qui
1704 1929 1802 1969 nos
1819 1912 1888 1969 ab
1901 1911 2014 1968 alto
2039 1911 2186 1987 deji-

134 1991 310 2048 ciant.
370 1989 524 2045 Cum
539 2001 759 2046 tantum
777 1986 925 2046 lucet
939 1988 1084 2065 ignis
1096 2026 1113 2053 ‚
1144 1986 1320 2065 placet
1338 2008 1352 2044 ε
1393 1986 1490 2044 ubi
1504 1987 1666 2046 altius
1685 1990 1968 2047 volumina
1982 1987 2078 2046 sua
2093 1991 2186 2047 de-

132 2065 315 2133 torfit,
331 2067 521 2124 exurit
537 2066 730 2127 trabes,
749 2071 824 2133 &,
840 2067 1114 2142 corruptis
1126 2084 1250 2143 quae
1265 2062 1634 2140 superioribus
1660 2064 2077 2125 firmamentum
2094 2066 2187 2126 da-

136 2146 276 2204 bant
290 2184 307 2206 .
328 2146 529 2222 agitata
546 2144 639 2203 diu
658 2145 723 2202 ad
742 2145 961 2203 ruinam
977 2142 1191 2222 fastigia
1206 2142 1436 2202 divellit.
1486 2143 1687 2201 Libera
1700 2143 1800 2202 sub
1815 2144 2064 2219 Apolidis
2081 2164 2182 2203 no-

141 2227 298 2283 mine
314 2225 459 2282 inter
476 2222 814 2283 Melandrios
833 2222 1115 2282 fortunam
1135 2239 1321 2280 meam
1356 2239 1473 2279 non
1502 2223 1731 2299 ingratis
1762 2223 1938 2281 oculis
1965 2223 2188 2300 aspicie·

142 2305 271 2362 bam
283 2343 298 2368 ,
310 2314 530 2380 eratque
544 2302 614 2361 ali
655 2302 751 2360 uid
768 2303 921 2396 quod
939 2300 1238 2379 Alitophili
1254 2299 1452 2358 leniret
1462 2297 1778 2359 absentiam.
1813 2301 1925 2360 Ubi
1946 2304 2011 2362 Li
2019 2304 2183 2381 phip-

145 2399 252 2459 pus
264 2382 518 2460 dignatus
533 2380 610 2438 est
644 2383 903 2438 ervitnum
924 2397 1139 2443 meum,
1156 2377 1532 2437 &libertatem
1551 2376 1701 2437 suam
1720 2380 1778 2437 in
1796 2381 2044 2458 ignotam
2066 2382 2178 2439 foe·

155 2460 366 2517 minam
384 2457 632 2516 exercuit
652 2479 666 2515 ε
700 2460 819 2533 jam
837 2457 978 2514 mihi
995 2458 1174 2535 gravis
1188 2495 1206 2521 ‚
1229 2456 1344 2532 jam
1362 2458 1659 2533 impatiens
1676 2457 1829 2517 exilii
1844 2459 2186 2536 inexpestatn

156 2535 420 2595 beneficia
475 2553 539 2593 ro
553 2532 833 2613 suppliciis
846 2533 1134 2594 ducebam.
1190 2536 1407 2593 Mentes
1436 2535 1602 2614 longa
1619 2534 1910 2595 foelicitate
1925 2534 2183 2614 saginate

160 2615 410 2673 multum
465 2626 702 2672 enatura
714 2608 980 2671 stomachi
996 2610 1256 2677 sumunt,
1295 2614 1387 2671 cui
1418 2614 1674 2673 ciborum
1700 2612 1915 2673 lautitia
1942 2615 2188 2685 &abun-

167 2693 348 2749 dantia
364 2690 637 2748 fastidium
655 2689 930 2749 inferunt:
973 2689 1080 2748 illae
1108 2690 1366 2749 nauseant
1383 2694 1449 2751 ad
1467 2693 1844 2752 florentiorem
1863 2692 2062 2751 statum
2083 2734 2101 2761 ‚
2130 2696 2189 2754 &z

170 2767 686 2847 iniquisluminibus
701 2768 1003 2827 ubertatem
1023 2784 1254 2828 cernunt
1270 2808 1286 2834 ‚
1334 2789 1460 2847 quae
1488 2772 1617 2830 alias
1641 2790 1834 2831 earum
1865 2772 1976 2830 fuit
2002 2775 2192 2850 impu-

171 2848 298 2907 dens
319 2864 531 2907 votum.
572 2850 596 2907 1
640 2846 691 2906 st·
709 2849 928 2924 corrupi
946 2845 1292 2907 foelicitatem
1314 2866 1518 2915 meam,
1536 2854 1608 2911 δε,
1627 2871 1697 2909 ne
1712 2850 1918 2912 diutius
1930 2852 2084 2911 beata
2097 2855 2191 2911 in·

170 2942 251 2984 ter
265 2927 497 3008 gloriam
516 2867 797 2987 &divitias
812 2926 1075 3019 dilectum
1095 2945 1286 3020 meu-m
1306 2928 1371 2985 ad
1393 2929 1620 3004 injurias
1631 2931 1760 2987 coeli
1780 2936 1834 2990 &
1850 2946 2006 2988 tertae
2019 2931 2191 2989 relin-

174 3026 336 3143 :³1ng
338 3005 541 3143 leairil
569 3003 2191 3163 ῗιξῗιᾟῡέἰῃἓξὲξἰῗοιιζξιἳῑίξεοξυὴῗίυςιὲωηᾟῗιῗιὶῗινέἐωξίοῒ

178 3164 319 3241 quod
336 3163 702 3221 Eleutheriam
721 3162 750 3221 a
770 3163 1084 3221 Melandriis
1098 3161 1443 3222 disterminat
1459 3204 1477 3229 ,
1505 3163 1879 3221 convenirem.

258 3239 582 3318 Trigestmus
611 3240 642 3301 a
669 3260 858 3322 pugna
888 3237 1355 3318 praedonum'dies
1383 3261 1514 3300 cum
1549 3241 1783 3300 totidem
1804 3241 2059 3299 noctibus
2076 3241 2196 3318 spa-

183 3322 320 3378 tium
338 3319 525 3377 mensis
542 3318 913 3396 compleverat
929 3360 946 3385 ,
975 3323 1029 3379 &c
1063 3339 1205 3378 nova
1222 3323 1379 3377 Luna
1395 3320 1704 3379 recurrebat
1717 3319 1783 3377 ad
1799 3321 1992 3378 orbem
2013 3318 2191 3379 suum.

115 3430 128 3448 ·
186 3398 353 3455 Video
369 3396 555 3455 fanum
573 3398 757 3457 solerti
774 3399 977 3457 fabrica
989 3399 1367 3471 constructum
1392 3438 1408 3463 ,
1443 3396 1977 3477 valvasqueingentis
2002 3400 2194 3479 populi

188 3476 471 3555 frequentia
488 3477 788 3535 laborantes
809 3506 826 3549 3
859 3478 1003 3535 dona
1016 3494 1240 3555 quoque
1256 3495 1390 3534 cum
1413 3478 1587 3535 titulis
1603 3477 1709 3535 suis
1737 3477 2067 3554 pendentia,
2094 3479 2195 3558 qui

188 3556 367 3614 litteris
380 3557 550 3613 aureis
564 3557 890 3615 testabantur
908 3574 1009 3613 cur
1023 3555 1233 3633 lingula
1254 3555 1457 3619 Veneri
1477 3556 1675 3614 sacrata
1690 3557 1886 3614 forent.
1909 3560 2071 3616 Tunc
2089 3576 2198 3638 ego

191 3636 393 3692 concito
405 3635 573 3711 gradu
590 3653 687 3709 per
704 3636 945 3693 mediam
979 3634 1199 3692 turbam
1218 3635 1363 3691 viam
1385 3633 1451 3690 ad
1468 3653 1615 3691 aram
1637 3632 1777 3692 mihi
1797 3634 1941 3694 facio
1957 3661 1974 3704 3
1995 3636 2196 3713 posito·

192 3733 292 3791 que
304 3731 436 3789 genu
458 3712 611 3770 uberi
632 3714 762 3771 fletu
781 3713 1131 3772 simulacrum
1153 3713 1279 3771 Dcae
1296 3715 1476 3787 rigans
1491 3754 1506 3776 ,
1543 3715 1727 3771 notavi
1750 3714 1905 3771 Pario
1932 3716 2198 3773 marmori

113 3836 119 3871 ι
193 3793 327 3873 quod
344 3790 500 3852 bafim
522 3790 751 3852 faciebat
766 3813 891 3871 quae
910 3790 1037 3872 sequ
1046 3804 1212 3848 untur
1230 3791 1437 3848 minori
1455 3790 1760 3851 charactere
1780 3793 2031 3854 litterata.
2071 3794 2207 3927 ὢ

116 3916 123 3955 ι
1982 3883 2067 3948 top

1071 3984 1089 4017 l
