2738 4475
304 295 335 326 κ
911 247 969 318 P
1074 266 1126 318 ’Δ
1236 267 1286 320 R
1390 270 1426 317 a
1529 245 1681 320 VI.
2157 244 2301 345 625

863 457 1121 532 Duas
1172 445 1665 535 Tan-rius.

498 619 574 680 In
606 628 717 704 quo
752 606 973 680 domita
1002 605 1081 683 (9·
1120 561 1425 703 exfiefflata
1457 611 1752 702 utrimque
1786 605 2051 678 ambitio.

242 776 579 897 SEquente
590 776 682 834 die
699 792 833 833 cum
852 771 1294 832 conveniss‘emus
1310 793 1381 834 ex
1396 775 1699 834 constituto
1714 775 1855 852 apud
1874 773 2167 837 Rosetum,
2181 789 2302 849 qua:

330 855 514 913 fabula
531 894 548 920 ,
582 853 672 913 seu
704 874 821 932 quo
851 852 1068 910 ludicro
1099 854 1329 910 tertium
1347 853 1501 911 hunc
1516 854 1984 934 Dionysialiorum
1998 853 2152 908 diem
2171 870 2294 928 age-

236 952 447 995 remus.
465 936 676 993 vaeavit
694 934 939 1012 cogitare
957 954 970 989 ε
1014 943 1101 989 tot
1134 932 1287 989 enim
1305 932 1522 990 nebulis
1535 934 1793 1010 stipatum
1807 947 1922 991 erat
1936 929 2149 990 coelum
2172 969 2189 994 ,
2230 943 2294 987 ut

236 1014 458 1090 ingrata
471 1013 847 1072 deambulatio
867 1009 1167 1068 videretur.
1205 1012 1692 1086 Intereajentaculi
1713 1031 1825 1069 non
1844 1011 2022 1070 illauti
2040 1009 2293 1067 officium

233 1093 563 1170 parabatur:
602 1093 838 1169 jamque
880 1087 1123 1166 opsoniis
1156 1092 1525 1149 onerabantur
1557 1091 1758 1152 mensa:
1774 1129 1791 1154 ,
1832 1109 1946 1148 non
1977 1088 2294 1147 recentibus

236 1172 415 1229 modo
438 1198 457 1241 3
492 1171 583 1228 sed
603 1173 771 1229 etiam
791 1169 1056 1247 pridianis
1068 1185 1132 1225 ac
1145 1167 1360 1228 semesis
1378 1194 1396 1237 3
1439 1188 1554 1227 non
1569 1171 1797 1248 ingratis
1810 1182 2017 1228 tamen.
2073 1167 2294 1238 Quibus

241 1251 525 1307 adduntur
539 1265 834 1308 artocreata
852 1289 867 1315 ,
894 1249 1159 1305 lucanicae
1173 1287 1189 1312 ,
1206 1247 1407 1312 botuli,
1429 1267 1561 1305 cum
1580 1247 1754 1306 ferina
1774 1269 1786 1304 z
1829 1249 2008 1306 aderat
2025 1250 2078 1305 &
2095 1249 2291 1303 viuum

229 1328 485 1387 hornum
502 1370 520 1395 ,
566 1330 647 1389 ita
676 1342 742 1387 ut
763 1329 924 1387 nobis
939 1342 1060 1384 tam
1078 1326 1334 1402 opipare,
1379 1324 1639 1405 lauteque
1662 1329 1890 1405 jentatis
1918 1326 2114 1385 deeffet
2139 1325 2295 1382 locus

277 1407 488 1465 randio.

233 1425 276 1484 P
328 1487 510 1543 Multa
541 1486 771 1543 interim
804 1482 1227 1562 proferebantur
1254 1485 1315 1543 in
1347 1482 1606 1543 medium
1639 1484 1788 1563 quafi
1816 1483 2298 1561 disputationisin·

234 1564 433 1622 eundae
448 1564 727 1639 praeludia.
792 1564 904 1621 Alii
935 1564 1138 1641 quovis
1163 1565 1350 1641 potius
1386 1562 1622 1620 fortunae
1648 1564 1778 1622 ludo
1804 1561 2164 1621 remittendos
2181 1563 2299 1618 ani·

240 1661 368 1700 mos
388 1681 405 1706 ,
439 1642 529 1699 alii
547 1643 615 1700 ad
633 1642 895 1701 choream
910 1679 927 1702 ‚
957 1657 1052 1700 aut
1065 1643 1317 1708 mimum
1335 1640 1576 1717 aliquem
1595 1642 1951 1718 spectandum
1974 1641 2297 1697 videbantur

243 1723 431 1797 proni,
445 1722 564 1778 aliis
578 1721 809 1779 demum
830 1722 1077 1797 placebat
1092 1723 1267 1799 magis
1279 1719 1666 1779 confabulatio.
1696 1725 1760 1779 ln
1779 1741 1946 1798 quam
1966 1720 2296 1776 sententiam

244 1799 478 1876 pedibus
496 1801 662 1857 itum.
717 1803 863 1877 Ergo
879 1798 1059 1858 soluto
1068 1800 1352 1874 jentaculo
1374 1839 1390 1864 ,
1404 1800 1740 1878 remotisque
1753 1799 1954 1856 meniis
1971 1817 2102 1856 cum
2122 1796 2298 1873 auspi-

242 1879 408 1936 candi
441 1880 620 1937 honos
654 1879 1017 1955 Alethophilo
1045 1877 1288 1937 delatus:
1330 1882 1684 1936 Renuentem
1716 1898 1848 1937 vero
1861 1879 2124 1935 Burrinus
2138 1875 2209 1932 fic
2224 1877 2304 1932 est

242 1956 540 2015 interfatus
561 1978 576 2014 τ
618 1960 742 2016 Tua
772 1957 1055 2036 fingularis
1071 1959 1311 2015 eruditio
1329 1996 1345 2023 ,
1382 1956 1522 2015 nulli
1541 1977 1659 2015 non
1675 1956 1913 2015 studioso
1930 1960 2007 2013 rei
2027 1955 2301 2012 litterariae

237 2036 471 2114 probata
489 2044 543 2097 &
566 2035 842 2113 perspecta
858 2073 873 2095 2
896 2044 1093 2112 praeter
1110 2036 1261 2095 illam
1278 2055 1450 2114 quam
1470 2036 1584 2094 solo
1599 2037 1766 2094 natali
1782 2050 1882 2093 tuo
1899 2035 2117 2092 accersis
2131 2074 2148 2097 ,
2183 2051 2297 2090 non

235 2118 586 2173 mediocrem
604 2116 846 2193 gloriam
864 2116 1228 2192 undequaque
1252 2131 1545 2192 pervagata
1565 2154 1582 2176 .
1622 2117 1904 2190 optimum
1923 2131 2210 2191 quemque
2229 2112 2297 2169 ad

234 2194 567 2253 eruditionis
590 2207 698 2254 tuae
714 2195 1145 2253 admirationem
1168 2196 1474 2253 convertit:
1520 2198 1566 2251 Is
1594 2215 1649 2251 es
1679 2193 1886 2251 scilicet
1901 2193 2000 2271 qui
2019 2195 2147 2251 artis
2161 2193 2296 2248 Ora·

239 2276 403 2332 toriae
421 2272 676 2332 flosculos
695 2273 889 2351 legeris
904 2310 921 2333 2
956 2279 1009 2335 &
1027 2289 1165 2331 artes
1181 2268 1446 2351 ingenuas
1464 2276 1523 2331 in
1537 2274 1664 2330 obse
1711 2273 1869 2330 uium
1890 2274 2099 2328 vocaris
2115 2311 2129 2334 ,
2156 2271 2295 2326 dum

238 2352 517 2428 quidquid
544 2354 623 2408 est
650 2352 977 2423 amcenioris
1005 2352 1298 2410 literaturae
1330 2355 1388 2410 in
1409 2369 1597 2410 mente
1615 2294 2186 2425 veintipraioliffimo
2203 2367 2298 2425 ga·

239 2428 576 2503 zophylacio
590 2430 988 2503 pantognostus
1004 2430 1080 2485 ita
1093 2431 1432 2505 congregasti
1450 2465 1470 2488 ,
1498 2444 1562 2485 ut
1593 2431 1650 2485 in
1683 2449 1862 2484 unum
1880 2428 2055 2487 veluti
2070 2428 2294 2484 orbicu-

237 2506 363 2566 lum
382 2508 557 2565 totius
571 2506 718 2562 orbis
730 2521 882 2582 gazae
902 2506 1230 2563 confluxisse
1247 2507 1557 2562 videantur.
1578 2553 1580 2556 Α

844 2583 1131 2660 Multaque
1150 2595 1278 2659 pars
1311 2586 1398 2641 tui

506 2660 704 2720 meabit
733 2658 1032 2719 Libitinam.

247 2740 448 2800 subdit
478 2742 789 2799 Macrinus:
833 2740 1075 2795 Noverit
1123 2736 1234 2796 sera
1274 2740 1556 2815 posteritas
1579 2740 1647 2797 de
1679 2738 1960 2815 republica
1988 2738 2311 2797 litterarum¹

241 2836 523 2899 quantum
557 2819 622 2877 fis
654 2819 922 2884 meritus3
963 2819 1116 2875 testes
1146 2818 1361 2896 ingenii
1394 2820 1477 2876 tui
1516 2818 1850 2896 multiplices
1879 2830 2064 2895 partus
2094 2819 2299 2884 Attica,

243 2903 616 2975 Romanaque
629 2895 973 2954 humanitate
990 2895 1242 2954 stillantes
1257 2937 1274 2962 ,
1316 2900 1368 2955 &
1386 2898 1499 2972 pari
1520 2896 1737 2975 fulgore
1749 2899 1925 2955 aciem
1941 2899 2203 2956 omnium
2222 2897 2300 2955 fe·

238 2981 462 3037 tientes.
505 2981 651 3056 Ergo
671 2996 740 3034 ne
755 2974 938 3054 quaeso
954 2974 1132 3032 abnue
1159 2976 1509 3033 commiss'am
1528 2978 1630 3034 tibi
1647 2978 2012 3053 provinciam.

326 3056 716 3116 Excusationes
752 3056 924 3113 aetatis
954 3056 1160 3111 iterum
1192 3068 1588 3131 praetexentem
1623 3055 1695 3112 fic
1727 3057 1804 3113 est
1836 3054 2027 3113 affatus
2044 3056 2302 3119 Roletus,

249 3135 333 3194 illi
352 3136 489 3193 fidus
505 3138 564 3193 in
582 3135 828 3193 ultimis:
873 3135 1026 3210 Euge
1046 3172 1062 3196 ,
1078 3133 1158 3188 mi
1181 3132 1559 3207 Alethophile,
1577 3135 1689 3190 esto
1713 3136 1818 3198 vir,
1834 3153 1946 3190 non
1964 3134 2066 3191 tibi
2085 3151 2299 3208 maguae

182 3276 195 3298 ,
252 3216 418 3271 molis
431 3217 504 3272 est
519 3227 915 3292 argumentum
937 3251 953 3275 ,
969 3210 1236 3268 succurrit
1253 3210 1499 3270 hesterna
1517 3228 1611 3270 tua
1630 3232 1744 3270 non
1763 3215 1871 3270 fine
1888 3212 2092 3288 lepore,
2109 3215 2162 3269 ὃ(
2183 3210 2300 3269 sali-
2362 3230 2372 3253 τ

242 3291 348 3348 bus
367 3292 686 3370 eloquentia
704 3316 720 3358 ς
752 3292 884 3347 Praei
909 3305 1126 3347 tantum
1149 3308 1510 3369 argumetum
1553 3310 1654 3349 nos
1669 3290 2111 3370 stquemur,tuis
2131 3292 2295 3348 vesti-

241 3372 352 3448 giis
366 3371 661 3428 infistentcs
678 3369 999 3446 religiosius.

332 3450 558 3525 Qibus
588 3450 867 3505 Macrinus
898 3447 1122 3515 retulit3
1166 3452 1221 3508 δε
1249 3449 1479 3525 quidem
1515 3469 1629 3507 non
1663 3469 1754 3507 me
1785 3448 1935 3527 fugit
1949 3448 2307 3508 defaecatiora.

251 3528 508 3607 quaedam
528 3529 749 3603 ingenia
768 3528 985 3601 reperiri
1009 3567 1025 3591 ‚
1057 3547 1179 3584 rara
1206 3528 1438 3604 quidem
1462 3528 1551 3586 illa
1569 3533 1622 3586 &
1640 3528 1807 3586 Mufis
1823 3527 2040 3586 fortass‘c
2059 3529 2180 3605 ipfis
2199 3546 2298 3584 nu·

246 3625 410 3663 mero
425 3606 701 3682 pauciora,
721 3600 778 3661 in
797 3606 997 3683 quibus
1012 3605 1341 3683 effingendis
1360 3607 1580 3665 meliori
1595 3608 1838 3686 quodam
1863 3607 2070 3686 pollice
2090 3612 2306 3666 Natura

251 3684 492 3742 liberalis
521 3684 812 3746 incubuit;
853 3685 1058 3761 quibus
1087 3685 1126 3742 fi
1156 3684 1311 3743 labor
1340 3688 1628 3758 improbus
1660 3686 1932 3746 accesserit
1950 3727 1966 3751 ,
2005 3689 2297 3763 postquam

249 3762 638 3820 scholasticum
659 3763 944 3836 pulverem
962 3762 1363 3822 exsorbuerunt
1383 3803 1398 3823 .
1418 3767 1501 3822 isti
1520 3768 1577 3823 in
1595 3764 1795 3823 diserto
1815 3766 2101 3825 Musarum
2120 3762 2299 3818 choro
2311 3804 2318 3811 x

246 3843 407 3923 digni
422 3858 689 3921 putantur
706 3844 803 3922 qui
821 3863 953 3903 curn
971 3841 1229 3918 Apolline
1251 3845 1318 3902 de
1332 3842 1551 3980 trgzpode
1567 3884 1584 3906 ‚
1614 3864 1747 3904 cum
1784 3843 2017 3902 Hercule
2033 3844 2099 3897 dc
2120 3840 2314 3974 laurea.

230 3935 243 3943 '
1443 3942 1496 3981 fix
1524 3941 1566 3996 4
2077 3931 2264 3976 certen
2289 3952 2308 3973 -.
