2738 4475
488 238 575 332 58
1033 240 1525 311 Evaunum.
1580 240 2141 309 San-rnre!-

480 354 656 454 quod
676 379 914 433 amaret
931 405 950 440 ,
975 358 1214 428 celabat
1232 356 1480 430 animus
1501 404 1523 440 ‚
1540 358 1728 457 ipfius
1750 361 2024 457 primum
2045 355 2275 430 affeetu
2294 413 2317 443 ‚
2336 356 2522 430 dein-

484 457 569 528 de
590 456 798 530 nostra
819 458 1116 553 patientia
1132 459 1454 530 incitatus.
1512 461 1718 557 igitur
1736 461 1801 528 in
1820 481 2064 531 tantam
2085 456 2386 529 familiam
2412 454 2512 528 as:-

486 551 676 628 scitus
713 606 737 640 ,
782 564 994 645 Qem
1010 605 1032 638 ,
1071 556 1331 656 inquam
1351 604 1374 639 ,
1413 560 1679 630 nomine
1716 560 1979 657 Acignii
2021 583 2153 641 non
2184 558 2508 633 terrueris?
2588 570 2591 577 ’

483 680 677 751 quem
699 681 826 726 non
845 655 1041 726 libera
1061 663 1127 728 &
1152 679 1384 754 potens
1407 656 1666 729 servitus
1685 679 1905 756 tanget
1932 660 1959 730 ?
1992 660 2127 731 Hic
2147 659 2256 727 ille
2272 702 2294 735 ,
2336 651 2512 756 quas·

479 752 625 824 satis
646 755 1101 853 aliquantulum
1123 755 1475 830 cervicibus
1493 808 1516 843 ‚
1567 757 1757 830 Nihil
1780 780 1883 827 me
1903 805 1925 841 ‚
1947 758 2155 856 inquit
2173 792 2198 841 5
2232 755 2346 829 ista
2368 781 2515 827 mo-

476 874 723 923 verunt.
774 855 944 924 Aliis
980 854 1273 953 gradibus
1310 857 1382 925 in
1423 877 1614 927 tantae
1635 854 2026 927 sublimitatis
2045 856 2515 955 cogitationem

474 946 743 1022 ascendi.
803 953 1000 1027 Nihil
1032 957 1192 1026 ultra
1230 953 1387 1030 mihi
1408 956 1444 1024 εὶ
1467 981 1666 1049 puero
1687 956 1959 1054 placuit,
1997 980 2187 1054 quam
2206 953 2514 1025 eruditio·

470 1049 573 1121 nis
588 1073 851 1125 nomen.
900 1054 1241 1127 Elementa
1260 1052 1541 1124 didiciffe
1561 1080 1694 1125 non
1715 1056 1980 1127 memini
1998 1083 2016 1127 z
2039 1077 2158 1126 nec
2177 1055 2516 1150 poeniten-

469 1147 542 1218 di
561 1146 860 1224 successus
881 1154 1083 1225 aetatis
1103 1153 1293 1223 initio
1307 1175 1601 1245 acuerunt
1621 1154 1905 1225 animum
1926 1152 2002 1224 ad
2022 1152 2511 1249 laboreind

473 1270 700 1319 verear
739 1249 1038 1323 confiteri
1071 1253 1200 1344 jam
1220 1252 1289 1321 in
1307 1249 1682 1323 humilitatis
1703 1250 2103 1348 disciplinam
2124 1275 2227 1323 me
2243 1251 2515 1323 traditu-

471 1353 619 1417 rus?
660 1347 738 1420 ad
775 1375 1082 1422 annorum
1114 1373 1448 1421 numerum
1483 1350 1767 1423 decrevit
1804 1353 2050 1451 ingenii
2083 1352 2308 1449 vigor,
2344 1371 2515 1421 acue

467 1449 489 1481 ¹
515 1469 595 1517 ex
633 1448 984 1521 Ammonis
1000 1445 1186 1521 fonte
1204 1472 1589 1550 prognatum
1606 1449 1846 1522 diceres
1865 1498 1889 1530 ‚
1931 1476 2078 1522 cum
2100 1451 2378 1523 maxime
2394 1449 2513 1520 de-

470 1542 651 1617 beret
667 1545 975 1621 calescere
994 1598 1016 1634 ‚
1033 1548 1206 1620 rudis
1221 1551 1422 1621 animi
1443 1552 1719 1649 impetus
1735 1548 2078 1649 obstupuit.
2132 1556 2354 1638 Qam
2375 1573 2513 1621 non

472 1643 621 1716 huic
652 1650 828 1719 malo
861 1647 1119 1748 quaefivi
1158 1648 1602 1724 medicinam?
1628 1671 1780 1722 vota
1815 1676 1948 1722 non
1970 1647 2258 1747 suscepi?
2311 1646 2438 1721 Sed
2459 1645 2516 1717 ὃ

475 1745 745 1818 Numen
762 1796 788 1833 ‚
804 1773 934 1818 non
952 1748 1281 1851 audiendis
1305 1750 1625 1821 interdum
1644 1750 1937 1846 precibus
1957 1795 1978 1828 ,
2000 1775 2191 1848 quam
2211 1745 2522 1827 differen-

470 1842 570 1914 dis
611 1844 759 1918 beni
856 1848 994 1922 ius!
1050 1852 1240 1923 Hanc
1275 1870 1575 1921 votorum
1595 1845 2014 1946 frequentiam
2034 1849 2240 1916 noluit
2260 1846 2372 1915 nifi
2390 1870 2515 1941 ge*

471 1944 712 2016 minata
745 1874 1052 2019 {licitare
1088 1947 1335 2017 donari.
1387 1946 1833 2019 Animadverti
1856 1945 2014 2015 nibil
2038 1947 2104 2012 in
2129 1938 2511 2038 Acigniifa-

469 2044 646 2114 milia
680 2044 963 2114 honestis
998 2041 1352 2138 disciplinis
1387 2068 1520 2113 non
1555 2044 1879 2112 excultum
1900 2038 2045 2112 esse.
2106 2043 2189 2112 Et
2208 2041 2416 2133 primo
2436 2040 2506 2110 in

466 2164 609 2209 eam
645 2140 899 2211 admitti
921 2140 1128 2209 nullos
1150 2139 1390 2230 credidi
1414 2188 1439 2224 ,
1472 2138 1582 2210 nisi
1600 2141 1906 2237 quosjain
1927 2161 2073 2211 ante
2093 2141 2199 2208 illa
2216 2137 2384 2208 bona
2401 2164 2514 2210 or-

463 2234 729 2309 nassent.
784 2236 1089 2313 Tandem
1128 2234 1401 2308 curiosus
1432 2236 1471 2309 s
1461 2241 1752 2335 peciator
1791 2240 2008 2310 notavi
2053 2239 2281 2310 domus
2316 2240 2513 2312 illum«

462 2332 589 2407 effe
611 2337 872 2433 genium
894 2382 916 2415 ,
955 2358 1024 2408 ut
1046 2337 1396 2434 inquilinos
1415 2359 1925 2434 extemporaneae
1946 2337 2254 2410 doarinae
2282 2336 2319 2406 s
2309 2338 2511 2435 piritu
2537 2395 2545 2403 .

389 2480 400 2486 -
459 2436 657 2510 afflet:
682 2435 928 2509 vestem
945 2434 1080 2506 illic
1097 2436 1229 2506 dari
1246 2461 1380 2507 non
1402 2438 1620 2507 colore
1640 2440 1843 2536 magis
1867 2438 2044 2535 pullo
2062 2483 2083 2518 ,
2103 2462 2295 2532 quam
2318 2461 2512 2509 mon-

460 2532 605 2606 stris
640 2559 712 2607 ac
749 2536 1070 2608 miraculis
1089 2536 1360 2606 tinfiam
1381 2547 1409 2605 τ’
1439 2559 1515 2616 ea
1526 2535 1632 2608 vix
1651 2557 1716 2605 ut
1733 2558 1937 2607 temet
1960 2535 2281 2607 incluseris
2304 2580 2327 2613 ‚
2366 2536 2514 2605 elo·-

463 2636 726 2733 quentia
765 2655 1055 2707 mentem
1087 2633 1439 2718 elaborari,
1474 2635 1781 2726 judicium
1815 2632 2140 2706 industria.
2180 2634 2512 2732 Denique

461 2758 625 2828 quos
646 2754 715 2805 ut
732 2732 1205 2832 despefflffimo
1222 2734 1489 2832 iugenio
1511 2735 1704 2805 etiam
1720 2730 1879 2804 infra
1899 2758 2004 2805 me
2024 2732 2212 2804 habui
2231 2779 2255 2813 ,
2287 2733 2508 2823 jamin

463 2833 733 2932 Acignii
764 2833 1145 2905 comitatum
1179 2833 1427 2930 recepti
1464 2832 1861 2904 celebrantur
1880 2830 2273 2903 sermonibus
2293 2828 2507 2900 socio-

460 2957 603 3003 rum
641 2933 958 3004 omnium.
1018 2931 1110 3004 lis
1149 2952 1392 3027 negant
1427 2933 1769 3030 quicquam
1808 2929 1932 3004 effe
1950 2929 2258 3000 subtilius.
2306 2931 2500 3010 Haec,

458 3055 544 3104 ne
562 3032 716 3131 quid
737 3029 1122 3103 diffimulem
1140 3075 1162 3111 ‚
1195 3029 1608 3102 stimulabant
1642 3030 1941 3126 cupidum
1959 3025 2238 3126 sciendi,
2271 3022 2378 3097 sed
2400 3027 2506 3096 in·-

457 3133 680 3203 citavit
719 3129 1163 3205 vehementius
1203 3155 1302 3203 res
1321 3154 1560 3229 magno
1580 3129 1741 3201 mihi
1763 3153 1958 3225 nuper
1973 3124 2215 3197 secreto
2236 3124 2506 3199 credita.

460 3231 596 3307 Hic
620 3256 766 3303 cum
786 3250 1138 3303 moraretur
1155 3272 1176 3307 ,
1211 3230 1535 3323 coepimus
1557 3225 1919 3299 familiarius
1939 3222 2203 3307 instare,
2245 3231 2315 3296 δε
2344 3249 2510 3321 γεο-

459 3352 542 3427 pe
562 3332 738 3402 velut
756 3330 990 3404 eodem
1011 3327 1221 3401 studio
1236 3329 1433 3403 taffi.-
1471 3333 1654 3424 Tum
1672 3328 1807 3408 ille,
1830 3328 1993 3399 Non
2012 3322 2237 3409 modo,
2259 3324 2499 3439 inquit,

2216 3441 2497 3516 promit-3

586 3531 656 3578 lx
669 3532 909 3580 ,Am-»⁸¹1
921 3533 1052 3594 somer
1066 3542 1309 3599 prognatum
1319 3526 1455 3580 dice-2
1499 3539 1674 3595 agraet
1687 3559 1705 3582 ,
1738 3526 1789 3577 δε
1820 3524 1969 3576 nimia
1984 3522 2058 3574 (iti
2073 3522 2281 3575 estuaret
2297 3555 2314 3580 2
2329 3523 2497 3589 Iovem

338 3589 345 3597 ’
453 3541 563 3657 ηιξ]
605 3595 789 3648 Dicitur
814 3597 896 3649 iste
920 3597 1032 3648 fons
1046 3614 1126 3661 per
1143 3597 1331 3648 noaem
1362 3611 1441 3646 ca·
1493 3592 1630 3646 mise
1643 3595 1831 3662 rogavit
1848 3625 1865 3650 ,
1895 3594 1973 3661 qui
1989 3591 2072 3643 sub
2086 3592 2245 3643 arietis
2258 3588 2414 3642 formo
2428 3588 2505 3642 im

454 3660 652 3720 kescete,
684 3681 764 3732 per
776 3663 1167 3734 diemftigesoere.
1216 3672 1350 3716 Sacer
1375 3662 1437 3714 est
1492 3661 1612 3715 visin
1636 3660 1896 3712 estterram
1932 3675 2170 3728 paemene
2192 3658 2350 3731 pede,
2373 3655 2503 3710 unde

454 3734 691 3785 Ammoni
706 3735 839 3800 Jovi,
864 3734 953 3785 boc
979 3733 1043 3784 est
1071 3731 1271 3786 arenosa
1286 3730 1439 3798 Libya
1491 3730 1651 3786 statim
1664 3728 1780 3784 fam
1798 3731 1883 3784 ine
1901 3730 2135 3786 manau&-

451 3801 621 3872 prandi
636 3835 660 3864 2
683 3818 828 3875 quem
841 3804 1081 3860 emelim
1096 3804 1310 3858 Hercules
1346 3817 1448 3873 [κε-
2342 3879 2365 3908 a
2396 3856 2497 3910 Μ
