2738 4475
465 293 612 375 244
945 225 1457 345 Eunaeum.
1513 274 2015 344 §Aa-ratu

465 421 588 488 nec
629 390 708 465 ab
741 386 1028 464 infantiae
1060 389 1356 465 servitute
1394 387 1621 462 sensim
1643 390 1721 461 ad
1741 391 1995 463 virilem
2015 387 2375 464 libertatem
2398 389 2530 466 tle-⁹

466 495 731 572 ducunt,
751 489 859 562 sed
880 514 1183 591 tanquam
1206 488 1454 586 semper
1471 490 1537 560 in
1552 512 1628 558 ea
1647 487 1982 588 disciplina
1999 489 2262 562 duraturi
2282 490 2522 577 effent,

466 591 867 664 subhorridas
886 593 1064 689 leges
1085 586 1498 687 praescribunt
1518 646 1539 673 ‚
1583 595 1649 661 δι
1694 614 1764 661 ut
1803 585 2067 661 infetnae
2105 591 2254 660 attis
2288 592 2518 689 mystae

465 693 639 763 velut
681 692 985 761 circulum
1005 689 1339 789 defignant
1361 735 1384 771 ‚
1425 689 1589 759 ultra
1608 714 1800 789 quem
1822 687 2078 788 prodite
2095 710 2278 760 cetto
2292 690 2523 763 interi-

462 812 564 862 tus
591 787 905 886 supplicio
926 809 1177 861 vetant.

564 891 768 963 Nulla
786 890 1047 960 interim
1064 888 1268 959 civilis
1287 888 1445 960 vitae
1468 913 1612 959 cura
1629 935 1653 971 ‚
1671 888 1841 956 nulla
1864 909 2114 964 morum
2137 882 2420 959 custodia
2441 887 2522 959 ad
2631 936 2634 940 ,

462 984 783 1060 consortia
807 984 1276 1059 consuetudinis
1300 986 1619 1059 humanae.
1674 983 2055 1081 Plerumque
2072 987 2297 1057 lacerae
2314 986 2523 1058 vestes

464 1094 533 1162 δε
558 1088 795 1159 stantes
813 1087 1033 1159 annuis
1057 1084 1338 1157 sordibus
1360 1086 1898 1183 eapi11i⁴,‘illarutn
1918 1081 2396 1181 disciplinarum
2419 1085 2526 1184 iga·

462 1189 716 1261 naviam
749 1185 1207 1258 condemnant.
1264 1187 1547 1256 Interim
1570 1187 1755 1281 pueri
1772 1187 1840 1255 in
1859 1185 1987 1255 illis
2007 1182 2240 1254 artibus
2258 1185 2518 1256 enutriti

465 1289 842 1384 plerumque
860 1284 938 1357 ad
957 1281 1280 1356 lasciviam
1300 1279 1605 1383 suspirant
1626 1331 1650 1367 ,
1671 1291 1737 1356 &
1759 1282 1807 1355 fi
1824 1282 1986 1356 mihi
2006 1280 2293 1368 creditis,·
2312 1280 2393 1355 de
2408 1308 2522 1354 vo-

463 1384 811 1485 luptatibus
856 1386 1081 1455 melius
1117 1382 1404 1477 judicant
1421 1431 1445 1466 ‚
1468 1384 1790 1481 'quoniam
1812 1383 1879 1454 iu
1897 1407 2113 1455 earum
2131 1383 2392 1454 exilium
2418 1404 2522 1455 tot

459 1482 893 1558 sanfflonibus
908 1509 1070 1584 opus
1089 1480 1207 1556 est.
1245 1484 1442 1558 Nihil
1459 1481 1783 1556 flammam
1801 1480 2053 1555 fidelius
2069 1481 2499 1581 nuti-inquam

461 1581 694 1659 favillae
712 1580 942 1685 frigida
958 1584 1163 1656 moles
1183 1633 1207 1669 ,
1246 1610 1364 1656 nec
1384 1585 1636 1658 Sirenes
1655 1582 1899 1656 auribus
1916 1584 2144 1654 melius
2163 1584 2503 1680 imponunt

462 1709 658 1784 quam
693 1710 840 1758 cum
862 1684 1067 1784 prima
1084 1682 1386 1756 suavitate
1405 1685 1769 1782 inexpertas
1785 1683 2171 1755 demulcent.
2224 1683 2334 1753 Sic
2352 1682 2511 1752 ado-
2542 1727 2545 1730 =

462 1784 569 1855 les
560 1786 785 1856 centia:
820 1784 1198 1882 cupiditates
1217 1830 1237 1863 ‚
1275 1807 1413 1880 quae
1451 1785 1623 1854 velut
1658 1781 1974 1879 suppresso
2005 1789 2151 1853 aere
2187 1781 2511 1852 ardentius

463 1885 638 1956 inter
649 1905 787 1955 tam
806 1877 992 1955 cruda
1010 1883 1272 1978 imperia
1293 1882 1579 1951 vixerunt
1595 1927 1615 1959 ,
1655 1878 1869 1974 postea
1924 1902 2066 1947 uam
2085 1878 2167 1947 ab
2185 1877 2311 1946 illis
2330 1882 2512 1950 clau-

463 1981 610 2054 stris
630 1989 693 2054 in
710 1983 1076 2055 libertatem
1097 1979 1335 2047 altioris
1353 1973 1500 2044 disci
1508 1976 1725 2068 phuae,
1746 1973 1809 2042 id
1829 1997 1864 2041 e
1916 2022 1943 2056 ,
1962 1973 2509 2066 Iurisprudentiae,

460 2078 837 2159 successere,
879 2075 1253 2145 insolentius
1298 2072 1669 2168 plerumque
1686 2066 2105 2140 effervescunt
2123 2113 2148 2150 ,
2179 2071 2246 2137 δι
2273 2069 2502 2164 primis

457 2175 780 2247 illecebris
812 2173 1209 2266 voluptatum
1229 2215 1252 2253 ,
1287 2169 1459 2244 velut
1476 2165 1779 2240 inauditis
1798 2163 2120 2245 sirenibus
2143 2211 2168 2250 ‚
2201 2189 2334 2240 non
2350 2164 2501 2240 satis

454 2267 713 2343 fortiter
728 2291 1104 2367 repugnant.

555 2368 685 2444 Sed
722 2368 886 2439 hanc
920 2365 1387 2440 accusationem
1404 2367 1826 2467 prater-mitto
1842 2398 1871 2456 ς
1901 2365 2100 2441 vellet
2115 2367 2294 2442 enim
2311 2363 2512 2441 Iuris-

456 2468 796 2569 prudentia
813 2466 1088 2564 cuilibet
1105 2513 1125 2550 ‚
1165 2469 1268 2538 vel
1309 2491 1424 2566 pet
1457 2468 1735 2567 aliquam
1755 2468 2184 2569 ignominiam
2204 2524 2226 2554 ,
2269 2466 2509 2540 debere

457 2571 795 2654 sanitatem
828 2566 1105 2638 suorum.
1160 2567 1331 2661 Qis
1366 2589 1578 2638 autem
1615 2553 1890 2665 patiatur
1928 2588 1997 2639 te
2027 2568 2124 2638 illi
2141 2564 2504 2667 Nymphae,

460 2668 711 2741 urbium
732 2666 1005 2764 praefidi,
1027 2688 1093 2738 te
1113 2670 1287 2765 pacis
1311 2676 1379 2739 δι
1403 2672 1721 2739 armorum
1742 2666 2049 2753 dominae,
2067 2666 2367 2740 Scientiae
2385 2691 2511 2737 no-

457 2792 639 2847 men,
672 2787 773 2834 aut
800 2766 843 2835 si
863 2767 1018 2861 quid
1037 2766 1133 2837 est
1155 2764 1552 2861 praestantius
1572 2768 1740 2837 inter
1758 2768 2080 2840 literarum
2097 2767 2319 2837 titulos
2336 2814 2362 2850 ,
2381 2786 2516 2838 tam

366 2909 378 2918 ·
456 2864 821 2934 contumaci
846 2864 1193 2934 latrocinio
1210 2863 1815 2937 detraxiffffscilicet
1829 2862 2520 2963 nugamentaPhiloso-

460 2960 630 3062 phiae
653 2957 1070 3055 somniantis,
1109 2966 1179 3029 &
1218 2960 1565 3033 vestratum
1603 2959 1908 3033 festarum
1950 2961 2261 3032 barbaries
2282 3015 2305 3045 ‚
2320 2963 2515 3034 'illam

459 3062 848 3162 dignitatem
881 3055 918 3128 s
908 3060 1001 3129 uis
1021 3058 1372 3131 domiciliis
1405 3057 1738 3157 'praefigetz
1775 3056 1910 3130 hoec
1931 3080 2145 3131 autem
2164 3056 2517 3135 hominum

339 3246 350 3251 d
461 3186 536 3234 ac
571 3184 753 3260 paene
775 3160 1036 3232 deorum
1059 3156 1322 3228 domina
1342 3205 1364 3238 ,
1407 3179 1541 3228 tem
1551 3160 1800 3254 plorum
1816 3154 2056 3230 foribus
2080 3156 2407 3259 ignobiles
2425 3159 2513 3234 ti·

462 3263 632 3333 tulos
652 3269 720 3332 &
743 3257 1198 3359 vulgi-insignia
1222 3256 1547 3354 imponet!

561 3364 667 3430 Ac
709 3384 900 3458 quam
936 3357 1089 3428 illud
1108 3354 1309 3429 astute
1326 3352 1651 3439 diiseruisti
1674 3403 1699 3441 ‚
1733 3354 2117 3453 opinionem
2139 3353 2498 3442 hominum.

462 3482 605 3559 quae
641 3458 720 3529 ad
758 3456 1096 3543 libidinem
1120 3481 1236 3555 pro
1254 3456 1535 3554 ingeniis
1556 3476 1835 3528 mutatur
1856 3504 1881 3542 ,
1920 3454 2348 3530 dubitantium
2366 3481 2501 3528 non

464 3580 701 3655 cogere
746 3580 995 3628 mentes
1014 3614 1033 3641 ,
1071 3579 1193 3628 nec
1232 3556 1417 3625 unica
1439 3555 1704 3626 veritate
1725 3556 1948 3631 invitis
1966 3555 2170 3626 oculis
2187 3554 2400 3638 illabi,
2439 3553 2507 3628 id

465 3654 560 3729 est
576 3703 601 3736 ‚
619 3654 949 3728 scientiam
971 3682 1101 3728 non
1117 3652 1278 3746 esse3
1306 3653 2009 3753 lllaJurisprudentiam
2032 3652 2341 3738 constare,
2366 3679 2504 3753 quae

467 3755 740 3859 proinde
770 3776 905 3832 tam
941 3757 1070 3859 leqvi
1101 3752 1522 3827 fundamento
1557 3755 1719 3829 nihil
1757 3754 1871 3832 nifi
1889 3753 2178 3830 inanibus
2197 3754 2354 3827 auris
2369 3806 2398 3919 ,¹
2432 3757 2503 3822 δε

1053 3880 1056 3881 ἢ
2297 3871 2373 3922 ve
2404 3869 2501 3922 utt
