2738 4475
880 245 1634 352 PaasV.
2195 283 2340 377 651

312 395 630 463 ferociffimi
650 414 783 457 nece
799 392 1020 454 feralem
1040 395 1180 453 hane
1212 394 1408 455 faciem
1424 421 1444 466 ς
1489 396 1653 454 redde
1686 411 1781 453 me
1807 392 1943 461 tibi,
1965 408 2096 462 aut,
2126 395 2167 454 si
2194 399 2349 478 quod

314 480 584 541 offensum
635 494 846 535 numen
894 472 1232 549 implacabili
1260 494 1352 533 me
1384 475 1570 531 furore
1597 475 1837 551 premit,
1874 476 2020 532 mori
2052 473 2238 534 saltem
2271 479 2348 536 li-

316 574 466 626 ceat,
512 561 550 617 si
587 572 774 613 tecum
805 552 1065 611 nonlicet
1085 554 1282 610 vivere.
1354 551 1526 612 Noli,
1562 552 1907 625 miconjunx
1927 590 1943 616 ,
1970 567 2100 610 toro
2115 555 2349 631 acquiess

312 659 436 697 cere
475 654 608 695 cum
644 632 834 710 Apisto
871 631 1004 694 illo;
1060 632 1161 708 qui
1208 631 1516 688 amicitiam
1565 632 1801 688 nostram
1843 649 1942 708 per
1971 629 2141 689 scelus
2179 635 2348 693 viola-

315 720 399 775 vit
433 729 497 774 ut
532 727 587 772 te
613 713 920 772 frueretur3
961 709 1172 787 quique
1204 710 1502 785 parricidio
1534 727 1661 766 meo
1700 713 1915 783 nuptias
1960 726 2078 767 tuas
2116 712 2355 789 auspica-

315 810 405 854 tus
424 834 441 860 ,
480 793 549 852 ab
576 793 815 870 imagine
848 809 977 847 mea
1008 808 1180 867 quam
1212 788 1358 845 male
1389 787 1710 847 circumfert
1742 789 1942 866 quaerit
1974 788 2175 852 insanis
2204 794 2353 869 igni-

316 873 421 931 bus
451 870 766 930 subsidium.
1363 903 1372 911 ·
2212 905 2220 914 .

403 951 631 1009 Horruit
644 949 865 1025 regina,
899 951 955 1006 ὃ(
990 943 1159 1005 veluti
1191 943 1429 1004 fulmine
1444 946 1551 1003 ieta
1566 945 1775 1004 decidit
1789 946 1848 1003 in
1864 953 2111 1004 terramt'
2143 947 2244 1005 Sed
2261 949 2353 1005 in·

318 1029 548 1088 tervallo
577 1026 936 1085 revalescente
963 1044 1194 1103 corpore
1227 1026 1474 1082 animam
1492 1044 1719 1102 quoque
1736 1026 2027 1100 repentino
2040 1025 2232 1083 dolore
2248 1026 2355 1084 ob-

320 1108 620 1166 nubilatam
637 1105 857 1163 reduxit
873 1106 938 1162 ad
974 1105 1188 1163 lucem:
1234 1105 1386 1160 Cum
1417 1104 1638 1180 Apistus
1669 1102 1990 1161 cubiculum
2020 1104 2135 1179 ejus
2165 1107 2355 1183 ingre-

314 1186 470 1245 diens
486 1185 754 1263 pervicaci
769 1182 1418 1262 precearegiuaquaerit‚
1452 1181 1591 1258 quid
1623 1179 1821 1239 doleat.
1879 1182 2062 1240 Atilla
2075 1184 2352 1242 turbatam

314 1264 370 1323 se
386 1264 607 1323 somnio
618 1262 908 1322 simulans,
942 1281 1011 1319 ne
1037 1278 1343 1320 moerorem
1373 1257 1534 1317 suum
1554 1259 1886 1319 exulceraret
1903 1259 2078 1318 invisa
2094 1264 2357 1338 narratio·

316 1341 775 1420 ne,precabatur.
838 1339 942 1397 Sed
971 1360 1043 1398 eo
1072 1337 1252 1398 causas
1279 1337 1560 1415 praesentis
1587 1337 2089 1397 dolorisinstantius
2104 1359 2357 1420 quaeren·

318 1434 377 1478 te
403 1460 421 1483 ‚
465 1441 581 1480 non
609 1420 815 1480 tardata
843 1419 918 1476 est
946 1420 1164 1497 Regina
1197 1418 1495 1480 nocturnas
1526 1416 1797 1495 imag'ines
1827 1419 1889 1476 in
1925 1417 2079 1476 hunc
2114 1421 2356 1481 modum

320 1516 570 1558 mentiri.

401 1576 709 1634 Videbatur
739 1575 884 1634 mihi
912 1573 1214 1633 secundum
1244 1574 1497 1651 quietem
1524 1576 1713 1634 Venus
1738 1575 1958 1634 dicere:
1991 1575 2221 1633 Deridet
2255 1592 2356 1633 rex

326 1655 665 1730 Cupidinem
686 1671 879 1719 tuum,
896 1652 1354 1728 &jam‚perdita,
1382 1653 1491 1709 tuis
1504 1655 1645 1710 votis
1659 1653 2049 1714 inexorabilis,
2080 1655 2262 1710 manci

329 1734 718 1811 viringenium
738 1746 1007 1791 extraneae
1022 1731 1441 1806 pulchritudini.
1499 1732 1652 1805 Qid
1669 1734 2007 1810 importunis
2021 1731 2178 1790 sacris
2208 1673 2359 1789 solli:

329 1814 464 1870 citas
481 1812 827 1871 divinitatem
847 1829 1031 1868 meam
1053 1812 1074 1863 ?
1115 1809 1218 1867 tibi
1275 1810 1611 1887 raecipitium
1627 1811 2005 1885 capessendum
2024 1811 2100 1867 est
2120 1849 2136 1874 ,
2165 1823 2258 1868 aut
2272 1830 2363 1867 ve-

329 1908 576 1956 nenum,
609 1904 703 1949 aut
720 1890 976 1966 laqueus,
1023 1907 1091 1946 ne
1125 1886 1230 1945 fide
1257 1889 1377 1946 ibus
1405 1887 1580 1945 oculis
1614 1888 1898 1948 infidelem
1935 1888 2112 1947 videas
2139 1889 2361 1948 adlatus

323 1968 493 2026 suum
547 1969 917 2027 concubinam
948 1967 1334 2043 applicantem.
1412 1968 1591 2043 Hujus
1618 1969 2025 2026 vocis-horrore
2055 1982 2365 2029 commota·

326 2046 547 2105 funesto
560 2043 759 2106 somno
772 2065 975 2123 pavens
992 2044 1207 2103 excussa
1224 2044 1369 2103 sum.
1429 2047 1533 2103 Sed
1567 2065 1854 2124 nunquam
1888 2048 2121 2123 impune
2137 2045 2202 2103 ad
2217 2046 2364 2104 mala
2457 2083 2461 2088 -

325 2145 452 2184 mea
481 2126 728 2185 turbatus
758 2126 979 2183 animus
1006 2124 1074 2181 de
1112 2123 1274 2182 nocte
1303 2122 1542 2182 miserias
1576 2144 1727 2182 meas
1741 2122 2087 2200 conspicatus
2100 2126 2206 2192 est3
2246 2123 2363 2183 suas

326 2205 424 2263 ista
436 2202 612 2263 causas
629 2205 863 2265 habent:
896 2216 988 2262 aut
1001 2219 1069 2261 ex
1086 2203 1225 2261 vitio
1244 2220 1392 2267 meo,
1409 2216 1502 2260 aut
1515 2221 1584 2261 ex
1601 2203 1838 2280 imperio
1856 2202 2099 2260 fatorum
2119 2201 2363 2263 saeviunt:

328 2290 388 2345 δε
405 2285 512 2342 istae
527 2285 757 2342 visiones
772 2283 939 2341 certis
953 2282 1236 2339 eventibus
1263 2283 1631 2338 corroboratae
1644 2319 1661 2342 .
1693 2281 1844 2358 quod
1874 2282 2247 2357 praedixerunt
2265 2300 2359 2341 ca·

325 2360 575 2420 lamitosa
601 2363 973 2421 divinatione.
1003 2358 1287 2436 saepissime
1316 2363 1629 2418 sanxerunt.
1672 2360 2008 2418 Cumuletur
2020 2377 2217 2435 precor
2229 2378 2366 2437 prae-

330 2440 579 2497 dicatum
612 2440 988 2497 infortunium
1018 2437 1350 2495 confessione
1388 2451 1503 2495 tua.
1561 2439 1618 2495 Si
1634 2440 1785 2494 enim
1804 2453 2134 2515 contempto
2146 2438 2365 2496 castissi-

334 2536 444 2575 mae
476 2518 732 2595 conjugis
761 2534 951 2574 amore
980 2515 1282 2572 deliberasti
1315 2515 1384 2570 de
1410 2514 1584 2572 domo
1614 2521 1666 2575 δε
1698 2516 1943 2573 thalamo
1957 2529 2057 2574 tuo
2074 2517 2367 2576 deturbare

332 2596 644 2654 constanter
662 2609 942 2651 amantem
963 2631 980 2657 ,
1005 2605 1189 2668 parata
1220 2591 1343 2649 sum
1377 2593 1679 2669 imperium
1707 2594 1924 2651 crudele
1955 2594 2136 2672 sequi.
2176 2599 2233 2654 δι
2262 2615 2363 2673 per

334 2675 477 2733 avias
507 2670 828 2735 solitudines
860 2671 1100 2728 ferarum
1142 2669 1498 2727 clementiam
1530 2672 1589 2727 in
1610 2689 1789 2728 meam
1810 2687 2050 2731 mortem
2068 2676 2362 2749 deprecari.

336 2749 513 2827 Qod
531 2749 569 2806 si
588 2748 716 2808 falfa
730 2749 832 2806 sint
847 2748 1055 2825 soporis
1074 2747 1547 2806 infortunatissimi
1574 2748 1824 2828 praesagia
1843 2787 1860 2809 2
1891 2756 1946 2810 δε
1977 2753 2035 2809 in
2065 2752 2368 2810 meliorem.

335 2826 542 2897 sortem
563 2829 849 2897 anxiatum
864 2827 1116 2902 spiritum
1135 2827 1228 2883 Dii
1243 2827 1420 2884 noetis
1433 2826 1674 2904 praesides
1692 2842 1916 2886 vocant:
1962 2849 2060 2906 per
2091 2848 2198 2910 ego
2223 2830 2361 2890 hanc

331 2922 491 2966 tuam
524 2907 807 2965 dexteram
830 2943 848 2966 ‚
879 2906 972 2962 cui
1003 2904 1275 2963 sincerum
1310 2903 1554 2963 osculum
1588 2925 1773 2983 pono,
1807 2908 1862 2964 in
1893 2907 2146 2967 solatium
2169 2928 2363 2968 meum

333 2986 545 3065 placeat
561 2986 664 3044 tibi
682 2985 921 3062 experiri
936 2982 1203 3043 secretum
1227 3022 1242 3047 ,
1276 3002 1391 3060 quo
1402 2982 1591 3060 saepius
1609 2999 1853 3044 mutatus
1870 2989 1928 3044 in
1942 2988 2131 3046 alitem
2145 2987 2366 3046 demul-

334 3067 439 3125 sisti
458 3062 828 3123 solicitudines
844 3081 1007 3120 meas.
1055 3061 1270 3120 Reddes
1286 3081 1378 3120 me
1395 3064 1534 3122 mihi
1560 3091 1575 3132 3
1611 3065 1885 3124 tristitiem
1904 3067 2099 3129 animi,
2120 3071 2368 3141 corporis

331 3146 661 3223 languorem
683 3141 933 3202 avocabis
944 3182 960 3208 ,
975 3140 1013 3197 si
1030 3143 1239 3198 moestae
1254 3139 1517 3200 desiderio
1533 3140 1846 3201 satisfeceris
1864 3181 1879 3206 ‚
1893 3144 2046 3218 quod
2064 3141 2093 3199 a
2111 3159 2165 3201 te
2180 3143 2365 3203 solum

336 3224 446 3280 hoc
459 3223 680 3282 infr-aeti
697 3220 985 3296 Cupidinis
997 3220 1082 3278 tui
1098 3220 1481 3278 testimonium
1499 3221 1713 3296 quaerit.
1771 3223 1972 3297 Neque
1997 3224 2149 3279 enim
2166 3240 2289 3279 reor
2304 3226 2376 3282 in

339 3316 454 3359 tam
471 3300 653 3358 saneto
670 3301 893 3378 peetore
907 3300 1094 3356 omnis
1108 3296 1322 3373 prorsus
1334 3300 1550 3359 exaruit
1568 3298 1864 3363 miseratio,
1895 3316 1995 3356 nec
2009 3300 2224 3379 ingrata
2234 3301 2371 3361 levi-

341 3392 420 3437 tas
431 3380 664 3438 caritatis
675 3379 911 3454 antiquae
927 3376 1110 3435 soedus
1128 3378 1294 3452 rupit.

427 3459 734 3536 Nunquam
779 3457 1051 3513 ardentius
1076 3453 1148 3512 ad
1177 3455 1375 3513 alienas
1403 3473 1588 3531 preces
1619 3454 1907 3514 succubuit
1936 3454 2216 3515 simulatus
2250 3476 2374 3526 rex,

341 3553 515 3613 quam
530 3537 596 3592 ad
616 3536 760 3598 istas,
791 3553 1029 3611 quarum
1047 3550 1153 3608 ope
1171 3552 1284 3590 non
1305 3532 1385 3592 sui
1402 3534 1508 3591 tori
1524 3534 1730 3609 petitor
1760 3533 2117 3599 detestabilis,
2145 3539 2378 3616 regiuae„

345 3616 543 3673 odium
560 3611 721 3670 suum
754 3610 1131 3671 dissimulantis
1148 3652 1164 3676 ‚
1194 3614 1485 3689 irrequieta
1501 3611 2062 3673 libidine-desideratos
2076 3615 2370 3674 devorabat

343 3693 654 3770 amplexus.
730 3690 834 3748 Sed
866 3690 1190 3750 hominibus
1227 3707 1374 3750 certa
1401 3695 1455 3750 &
1480 3706 1739 3768 perpetua
1770 3690 1867 3749 fibi
1911 3695 2380 3770 promittentibus

344 3774 494 3829 Deus
511 3770 696 3829 illudit
714 3795 731 3839 3
770 3771 867 3847 qui
885 3772 1142 3828 varietate
1156 3772 1540 3847 tempestatum
1553 3808 1569 3832 ‚
1586 3771 1817 3848 aequoris
1831 3772 2213 3850 inquietudine
2228 3772 2368 3834 ‚ele-

344 3865 678 3910 mentorum
694 3849 1047 3909 conversione
1062 3850 1496 3914 ostendit‚etiam
1516 3849 1575 3907 id
1589 3867 1763 3909 omne
1780 3888 1800 3916 .
1826 3853 1979 3929 quod
1997 3848 2152 3929 supra
2169 3866 2267 3906 nos
2280 3853 2378 3920 est.

1628 3955 1638 3963 -
2195 3929 2380 3987 stabile
