2738 4475
895 245 950 317 Ρ
1048 268 1095 314 Α
1199 266 1260 318 ι
1361 268 1397 314 a
1533 251 1629 319 11.
1673 292 1677 296 ·
2109 275 2239 356 ²5¹

190 366 526 448 Musarum
566 371 965 468 majestatem
995 372 1376 471 imponitis,
1415 375 1700 467 regalem
1735 372 2000 473 quidem
2016 401 2251 477 purpu-

191 503 323 548 ram
341 478 560 575 aliqua
582 471 739 547 lauri
759 475 1080 546 viriditate
1102 469 1475 570 permistam
1498 469 1852 548 conservat.
1873 478 2058 565 Qid
2076 482 2279 550 enim*

186 577 286 649 illi
307 570 700 672 relinquitur
719 622 743 654 ,
775 574 823 645 'si
845 576 923 645 de
943 573 1109 670 palla
1131 596 1390 670 quoque
1406 572 1652 646 dubitat
1673 575 1703 644 ἲ
1726 573 1851 647 Sed
1873 576 2004 666 jam
2025 575 2275 674 sceptris

185 702 267 748 ac
304 672 466 744 solii
495 678 874 776 dignitatem
916 670 1291 754 miserabilis
1331 673 1582 755 amitit,
1628 671 2261 773 illosque-aversatur

192 777 567 872 praecipue,
601 778 883 874 quieam
923 772 1048 847 hoc
1090 769 1303 842 seculo
1338 771 1644 854 adorant,
1700 774 1766 845 id
1799 773 1936 860 est,
1976 801 2275 876 quorum,

187 875 477 973 ineptiis
511 875 736 974 ubique
767 869 1216 971 indignissimo
1249 870 1595 944 traducitur
1635 870 1779 960 risu,
1850 874 2140 951 Videsne
2173 878 2256 949 ad

184 973 512 1044 inimicos
545 976 877 1053 converti,
933 973 1039 1070 qui
1080 974 1457 1068 importuno
1494 972 1673 1043 vultu
1711 983 1780 1047 ἔτ
1822 978 2265 1072 petulantibus

180 1073 447 1144 dextris
486 1076 734 1148 afflictae
761 1072 1137 1172 patientiam
1167 1068 1491 1174 fatigant?
1532 1073 1872 1172 Nimirum
1902 1076 1943 1146 fi
1978 1078 2102 1149 illis
2140 1081 2269 1149 all..⁴

171 1172 460 1271 quando
491 1169 596 1243 sua
613 1199 776 1245 voce
796 1175 1112 1271 loquetur,
1137 1170 1508 1246 immutabit
1528 1169 1958 1266 spernentium
1982 1203 2262 1259 mentes,

173 1281 253 1345 δε
281 1272 566 1368 pristino
586 1271 910 1370 splendori
925 1270 1210 1343 restituta
1234 1317 1264 1360 ,f
1296 1294 1564 1344 omnem
1599 1269 1938 1347 iracundia:
1974 1273 2259 1353 furorem
2334 1321 2337 1324 ·

174 1373 254 1444 in
280 1371 796 1443 Academiarum·
812 1373 1132 1471 ignaviam
1153 1368 1465 1442 effundet.

292 1473 491 1544 Cum
524 1472 656 1540 hoc
695 1490 1139 1567 argumentum
1177 1470 1431 1568 ingenti
1462 1466 1925 1545 vociferatione
1962 1472 2251 1568 deduxis·
2278 1500 2375 1573 24

173 1568 336 1642 sem
359 1624 380 1651 ,
426 1574 495 1638 δι
533 1570 663 1658 'jam
687 1569 823 1638 dies
846 1570 911 1637 in
930 1565 1256 1664 vesperam
1269 1565 1424 1640 esset
1443 1595 1671 1665 pronus
1689 1627 1714 1654 ,
1756 1569 2122 1645 adolescens
2141 1578 2257 1674 qui

179 1668 502 1739 rabulam
538 1663 941 1762 proposuerat
960 1723 981 1751 ,
1021 1667 1238 1738 omnia
1254 1670 1390 1761 ejus
1411 1666 2096 1760 secretajucundiffima
2109 1701 2263 1747 ora-

180 1767 403 1837 tione
446 1764 817 1861 publicavit.
868 1768 1135 1864 Qippe
1171 1766 1306 1838 haec
1330 1792 1659 1860 matrona,
1695 1765 1854 1840 seria
1871 1792 2001 1842 erat
2021 1776 2260 1869 optimi

177 1869 341 1937 vini
362 1909 387 1945 ,
414 1866 612 1944 lentis
647 1864 939 1936 arborum
961 1865 1154 1937 ramis
1171 1870 1501 1961 coe'rcit23
1540 1895 1680 1966 quae
1698 1870 1965 1969 quidem
1985 1869 2070 1941 sui
2089 1897 2267 1944 ama·

178 1987 379 2036 tores
403 1960 873 2060 aspernabatur,
896 1968 1137 2065 quippe
1162 1966 1419 2037 illorum
1443 1971 1725 2040 amicitia
1746 1968 2275 2070 peribat,suisque

179 2063 488 2135 osoribus
511 2064 866 2135 adverterat
877 2067 1127 2138 *vultum
1150 2119 1172 2149 ‚
1193 2091 1465 2161 quorum
1490 2065 1746 2139 fastidio
1764 2068 2000 2140 diutius
2018 2071 2264 2144 vistura

184 2162 554 2234 videbatur.
630 2166 720 2234 Et
760 2164 1021 2262 quidem
1053 2164 1349 2236 omnibus
1391 2168 1456 2235 in
1491 2165 1678 2241 risum
1707 2166 1961 2254 effusis,
1994 2171 2256 2263 'juvenis

191 2261 599 2359 lepidissimo
637 2286 1017 2363 argumento
1050 2290 1186 2335 rem
1206 2289 1472 2353 omnem
1492 2263 1856 2364 disputavit.
1913 2274 2249 2345 Caeterum

129 2394 134 2397 ²
199 2364 527 2462 Acignius
564 2388 781 2434 meum
815 2363 1145 2462 ingenium
1167 2365 1578 2461 probaverat,
1613 2367 2087 2467 deleefihtusque
2105 2398 2259 2442 ora·

194 2464 386 2532 tione
422 2488 552 2533 non
571 2462 831 2533 indocta
852 2508 874 2543 ,
917 2487 1022 2533 me
1042 2489 1297 2567 quoque
1315 2467 1484 2534 inter
1504 2460 1844 2541 familiares
1869 2466 2099 2543 habere
2118 2494 2257 2541 nou

205 2560 624 2632 mediocriter
637 2563 924 2660 optabat.
981 2570 1206 2661 ltaque
1224 2562 1630 2633 blandissime
1642 2584 1986 2635 exeuntem
2006 2566 2265 2635 demul-

209 2656 333 2735 sit,
373 2658 772 2759 laudibusque
806 2664 874 2733 in
915 2662 1240 2761 publicum
1277 2659 1489 2732 effusis
1525 2663 1949 2759 palpitantem
1966 2664 2256 2736 animum

210 2757 730 2854 periculosiffima
766 2764 1098 2859 voluptate
1137 2759 1459 2857 percussit.
1514 2765 1666 2861 Ego
1694 2760 1989 2833 inescatis
2014 2788 2255 2860 praeco-

211 2858 340 2927 niis
363 2903 384 2937 ,
422 2881 566 2928 cum
608 2884 706 2930 me
742 2861 975 2932 iterum
1013 2862 1248 2933 laudari
1272 2863 1548 2946 vellem,
1588 2861 1844 2958 postero
1859 2863 2063 2935 dicad
2087 2867 2251 2943 Aci-

202 2959 432 3055 gnium
470 2958 629 3028 redii
648 3008 672 3043 ‚
715 2969 778 3032 &
807 2962 928 3032 ‘ille
953 2984 1161 3033 meam
1185 2956 1556 3032 facilitatem
1576 2961 1979 3036 solertissime
1998 2990 2261 3063 cogno-

201 3060 300 3125 vit
317 3104 342 3139 ,
369 3053 743 3156 laetatusque
759 3061 891 3151 jam
913 3061 1115 3157 prima
1132 3062 1385 3158 pietatis
1406 3058 1751 3133 formidine
1764 3065 1970 3135 teneri
1992 3107 2014 3140 ,
2047 3067 2271 3132 etiam

204 3155 539 3226 incautum
560 3158 851 3229 devinxit
876 3156 1252 3231 munusculis
1275 3210 1296 3241 ,
1338 3164 1669 3258 coepitque
1685 3164 1858 3231 velut
1875 3158 2254 3233 dulcissimis

202 3250 495 3350 suspiriis
524 3257 956 3353 interpellatus
990 3284 1274 3339 narrare,
1321 3287 1513 3358 quam
1553 3258 1851 3355 propitiis
1869 3258 1990 3327 diis
2010 3261 2141 3328 nati
2157 3256 2250 3331 es·

197 3350 351 3424 sent
374 3398 398 3433 ,
433 3354 544 3450 qui
578 3356 644 3426 in
676 3357 845 3428 illius
889 3358 1288 3434 domicilium
1324 3358 1790 3429 concedebant.
1838 3360 1927 3429 Et
1962 3357 2099 3429 haec
2117 3381 2256 3432 ran-

199 3477 404 3549 quam
427 3451 587 3524 mihi
608 3456 808 3527 aliena
828 3456 1131 3528 recitabat
1148 3505 1169 3538 ,
1192 3484 1332 3555 quae
1352 3481 1485 3527 non
1504 3455 1764 3526 obscure
1786 3454 1943 3529 mibi
1959 3457 2087 3528 dici
2106 3457 2252 3535 sen-

201 3552 471 3622 tiebam.
530 3554 719 3626 Nihil
742 3606 767 3641 ,
784 3558 995 3655 inquit
1013 3602 1035 3635 ,
1057 3557 1319 3632 eruditis
1341 3553 1751 3627 commodius
1768 3580 1910 3626 mea
1931 3556 2134 3630 domo
2149 3563 2249 3632 vi-

197 3650 387 3721 debis
421 3650 497 3721 ad
537 3649 812 3727 famam:
854 3648 1027 3726 velut
1063 3659 1130 3727 in
1147 3678 1453 3728 terrarum
1471 3652 1654 3725 scena
1672 3653 2250 3759 plaudentibuspo-

196 3752 368 3851 pulis
407 3751 749 3854 ingenium
785 3754 1170 3854 probamus,
1209 3764 1276 3830 &
1312 3751 1739 3828 suavissimam
1757 3755 1955 3829 vitam
1974 3761 2250 3832 colimus

2180 3880 2251 3930 m
