2738 4475
492 212 670 310 :25³5
1020 206 1528 283 Eurnonu.
1591 214 2172 283 Snrxnrcr'

497 331 595 402 xis
626 327 1033 405 altitudinem
1063 353 1402 432 exurgunt.
1419 349 1423 353 ’
1455 333 1765 421 Qiiyero
1785 356 1898 430 per
1916 333 2183 431 singulas
2200 351 2409 401 turres
2430 327 2542 405 dis·

393 467 398 472 ·
495 428 734 508 „tributi
764 452 946 510 eraut
978 487 999 515 ,
1064 430 1379 506 distinctis
1410 428 1814 526 potissimum
1854 431 2171 529 coloribus
2203 425 2537 529 figurisque

495 529 777 604 -vestium
823 527 1318 602 noscitabantur.
1391 535 1539 603 Hos
1594 528 1752 601 albae
1792 553 2012 631 togae,
2051 531 2168 603 hos
2200 529 2523 613 cineritiae,

503 629 853 699 ornabant:
909 631 1036 701 His
1059 633 1273 701 mixtae
1297 639 1359 701 δέ
1385 655 1684 725 panuceae
1704 629 1906 699 vestes
1930 655 2110 701 erant
2130 687 2148 713 ,
2192 629 2338 701 binc
2356 631 2522 701 illinc

501 749 849 797 centonum
905 731 1177 799 mixtura
1233 731 1514 799 viliores,
1584 729 1978 819 Qibusdam
2016 727 2304 801 funerum
2340 731 2530 809 color,

501 823 761 923 aliisque
799 831 817 859 ¹
845 831 1211 925 Neptunius
1251 829 1658 923 probabatur.
1724 835 1876 901 Nec
1918 831 2037 897 ulla
2058 829 2374 899 artificum
2402 855 2528 901 cura

499 927 753 1005 deerat,
791 949 895 995 aut
931 949 1167 1001 natura:
1203 931 1466 997 varietas
1504 985 1524 1009 ,
1580 953 2060 1025 quantacunque
2094 931 2158 997 in
2200 929 2526 999 velleribus

493 1025 697 1107 ludit,
739 1047 1159 1123 praeterquam
1199 1025 1371 1123 quod
1413 1025 1500 1095 ibi
1540 1029 1850 1099 muricem
1868 1055 1996 1097 non
2016 1025 2332 1097 videbam.
2398 1031 2528 1099 Nc-

495 1147 623 1213 que
665 1127 877 1193 minor
911 1127 1315 1221 ingeniorum
1359 1127 1682 1195 diversitas
1706 1129 1876 1197 illam
1902 1129 2520 1221 arcemimpleverat.

495 1221 839 1293 Eminebat
877 1227 943 1291 in
985 1223 1199 1291 medio
1237 1223 1500 1323 angusta
1540 1225 1798 1321 quidem
1832 1231 2058 1305 turris,
2096 1235 2160 1297 &
2190 1249 2254 1293 ut
2278 1225 2528 1295 videba-

491 1343 595 1395 tur
611 1321 1035 1391 multitudinis
1061 1325 1329 1393 minime
1349 1351 1564 1421 capax,
1594 1347 1888 1395 caeterum
1914 1349 2202 1421 patentes
2224 1327 2288 1393 in
2312 1323 2530 1395 seriem

491 1415 825 1501 fenestrae‚
873 1443 1233 1519 apertaeque
1269 1425 1546 1521 undique
1572 1419 1736 1495 fores
1758 1429 2152 1521 opulentiam
2179 1423 2528 1521 prodebant

491 1517 821 1589 ditissima:
859 1519 1043 1591 sedis.
1101 1525 1359 1595 Omnes
1401 1527 1672 1621 parietes
1716 1523 1926 1595 sericis
1950 1529 2108 1595 velis
2130 1523 2518 1621 tegebantur,

489 1617 689 1713 iisque
723 1619 963 1715 duplici
1006 1619 1395 1721 fulgentibus
1433 1623 1651 1705 ostra,
1708 1625 1892 1695 Idem
1934 1627 2113 1695 color
2146 1625 2418 1695 lectulos
2458 1631 2520 1693 δε

485 1715 737 1789 mensas
765 1719 1078 1793 adornavc
1124 1745 1215 1803 it,
1257 1719 1476 1815 &ipse
1496 1751 1752 1821 quoque
1778 1751 1984 1795 murus
2004 1725 2282 1793 lateritio
2306 1723 2526 1793 rubore

487 1815 759 1887 nitebat.
831 1819 1187 1917 Suspicatus
1243 1823 1329 1891 ibi
1377 1823 1760 1915 Eutychiani
1800 1823 2113 1903 habitare,
2156 1823 2450 1891 intellexi
2492 1823 2526 1893 5,

487 1917 767 2013 quodam
809 1923 1091 2011 pullam,
1127 1921 1231 2013 qui
1257 1919 1506 1987 hortum
1530 1923 1592 1985 in
1618 1921 1844 1987 vicinia
1866 1919 2276 2013 repurgabat,
2304 1923 2528 2013 Nym-

485 2015 681 2109 pham
715 2017 973 2112 quidem
1007 2019 1069 2085 in
1089 2019 1201 2083 alia
1221 2017 1480 2112 regione
1508 2017 1720 2083 vivere
1742 2065 1763 2097 ,
1804 2041 1992 2109 quam
2014 2015 2124 2107 ipsi
2150 2017 2346 2081 totius
2374 2019 2524 2085 vira.-

481 2115 777 2184 iodustria
813 2116 1097 2206 aperiunt
1131 2112 1275 2180 fibi:
1333 2132 1634 2180 caeterum
1682 2112 1720 2180 {i
1760 2114 1896 2208 quis
1934 2114 2008 2182 ad
2044 2116 2214 2180 illam
2258 2114 2512 2196 turrim,

479 2236 665 2306 quam
687 2208 973 2278 viderem
997 2256 1019 2292 ,
1059 2212 1453 2304 perveniret,
1476 2210 1658 2280 illum
1680 2210 1886 2282 statim
1908 2212 1984 2282 ad
2008 2212 2349 2282 maximam
2374 2208 2522 2280 feli-

475 2310 737 2378 citatem
775 2304 897 2376 effe
921 2330 1253 2378 venturum
1275 2364 1293 2392 ,
1343 2308 1449 2378 ubi
1470 2306 1684 2378 effusis
1706 2308 1966 2382 fortunae
1990 2308 2306 2380 favoribus
2328 2336 2524 2382 exce-

475 2428 620 2508 ptus
641 2464 659 2492 ‚
695 2406 821 2476 hoc
839 2408 1037 2476 etiam
1061 2410 1317 2478 timeret
1337 2456 1357 2490 ‚
1379 2432 1461 2476 ne
1480 2408 1558 2478 ad
1586 2410 1970 2506 Eutychiani
1994 2414 2056 2480 in
2074 2412 2264 2480 alium
2284 2412 2516 2482 orbem

475 2532 789 2588 vocetur-3
833 2514 935 2590 &‚
975 2508 1175 2576 Certe
1211 2510 1395 2604 pauci
1413 2506 1592 2588 sunt,
1642 2511 1896 2606 inquit,
1920 2510 2134 2580 exbac
2158 2510 2522 2582 multitudi-

475 2634 557 2678 ne
575 2654 597 2686 ‚
623 2632 815 2704 quarn
837 2606 1043 2676 cernis
1065 2608 1403 2702 multiplici
1429 2604 1652 2678 sudore
1672 2614 1954 2680 exerceri
1988 2657 2008 2688 ‚
2052 2612 2306 2706 quinon
2328 2632 2520 2680 voto-

471 2732 611 2776 rum
651 2704 901 2776 suorum
939 2728 1183 2798 partem
1225 2706 1305 2778 ad
1341 2704 1512 2776 istius
1556 2710 1746 2778 turris
1768 2710 2180 2806 cupiditatem
2200 2710 2518 2780 derivent-

469 2806 713 2896 Neque
733 2806 891 2872 olim
915 2800 1161 2872 felicius
1187 2828 1345 2884 erat,
1377 2832 1760 2902 purpureum
1784 2810 2042 2878 arietem
2066 2808 2523 2904 lraberc‚quam

471 2898 667 2970 hodie
703 2900 781 2970 ad
821 2900 1179 2996 magnificat
1217 2906 1403 2974 turris
1445 2906 1830 3002 dignitatem
1866 2908 2140 2976 admitti.
2194 2911 2354 2976 Haec
2394 2908 2512 2976 ille

473 3000 837 3096 prolocutus
861 3046 885 3080 ‚
917 3000 1149 3072 iterum
1187 3028 1395 3100 prono
1429 3008 1696 3102 pastore
1728 3004 2036 3076 sterilibus
2070 3002 2280 3074 herbis
2316 3008 2512 3076 incu-

471 3098 633 3172 buit.

573 3208 667 3270 At
689 3224 815 3296 ego
831 3220 959 3270 tam
983 3198 1341 3300 magnificae
1363 3204 1548 3274 turris
1572 3204 1880 3304 dignitate
1906 3224 2232 3300 permotus
2256 3250 2278 3286 ,
2318 3232 2512 3304 mag·-

465 3324 709 3394 nopere
749 3298 1079 3396 cupiebam
1121 3302 1197 3370 ad
1233 3304 1395 3372 illius
1431 3306 1730 3374 interiora
1768 3326 2126 3398 penetrare.
2178 3306 2512 3376 Invitabat

461 3394 789 3470 familiaris
813 3398 1131 3470 curiositas
1157 3404 1702 3498 peregrinantibus
1724 3412 1790 3474 δε
1820 3400 2116 3478 desolatae
2134 3404 2506 3476 custodibus

463 3492 685 3588 fores3
721 3520 865 3568 cum
889 3500 1203 3598 praecipue
1223 3502 1562 3574 admirarer
1584 3548 1602 3584 ‚
1626 3528 1762 3602 qua:
1790 3502 1966 3576 causa
1982 3504 2142 3580 sedis
2164 3504 2390 3578 incolis
2410 3498 2516 3574 es—

2376 3600 2502 3684 set,

638 3775 667 3821 x
700 3765 943 3832 Neptuniae
965 3767 1111 3836 celon]
1147 3766 1283 3825 mem
1310 3785 1363 3824 ac
1390 3769 1624 3825 catulam

2296 3858 2326 3907 ι
2358 3841 2529 3905 ²¹.ch-

2678 62 2702 920 ἱ
