2738 4475
771 318 871 388 'P
971 339 1022 391 Α
1122 336 1178 387 ιι
1282 341 1315 391 a
1418 318 1583 391 111.
1931 389 1939 396 ,
2111 306 2245 405 ι9ί

187 430 265 506 ad
295 429 557 533 indigni
576 453 817 502 nomen
839 433 1266 513 commoveri,
1290 428 1531 503 facinus
1552 429 1877 504 clamitare
1893 483 1915 513 ‚
1960 424 2135 525 quod
2154 422 2249 493 illi

185 530 445 606 homini
479 531 888 604 convitiarer.
944 534 1045 605 Ex
1089 532 1450 605 Academia
1482 555 1739 631 quoque
1780 531 1807 617 (
1831 525 1995 628 proh
2039 522 2250 595 labem

187 629 565 713 servitutis)
602 631 860 732 quidam
884 632 961 702 ad
983 656 1130 704 eum
1156 633 1536 730 perveniunt
1563 680 1585 716 ‚
1618 651 2021 726 monentque
2044 617 2254 712 cujus-

191 731 350 802 dam
386 730 889 829 Euphormionis
931 735 1264 831 Satyricon
1302 731 1471 801 illius
1490 732 1925 802 innocentiam
1942 718 2250 822 tetigisse.

196 836 293 902 At
335 828 475 928 ipse
514 832 579 901 in
619 829 1014 903 mediastinis
1053 833 1361 930 ignoratoe
1400 830 1733 901 latinitatis
1756 830 1989 902 vitium
2009 822 2257 912 derifit3

194 930 754 1027 Euphormionem
805 951 1024 1002 autem
1069 931 1307 1003 tantilli
1350 927 1658 1001 beneficii
1690 926 2003 1006 memoria
2037 944 2252 996 amare

192 1026 505 1128 professus
522 1028 614 1103 est
630 1082 647 1101 .

292 1128 548 1201 Eodem
569 1152 832 1228 quoque
848 1147 1145 1229 tempore
1170 1128 1519 1212 callionis,
1545 1121 1886 1199 Percantis
1927 1119 2260 1203 ucffiibul-

184 1226 258 1298 lii
278 1253 540 1328 quoque
564 1235 630 1299 δι
658 1228 936 1302 Pedonis
962 1231 1248 1308 nomina,
1280 1227 1359 1298 ab
1381 1225 1598 1297 otiofis
1622 1228 1813 1299 tacita
1834 1250 1882 1296 τ
1944 1224 2257 1297 imatione

179 1325 613 1420 jaflabantur.
677 1326 1068 1429 Defignatos
1088 1352 1388 1426 proceres
1407 1325 1651 1417 aiebant
1673 1374 1693 1404 ‚
1718 1334 1781 1400 δι
1806 1318 2258 1425 ignominiofis

180 1428 517 1499 coloribus
540 1426 618 1498 ad
641 1431 948 1526 populum
969 1430 1150 1499 velut
1177 1428 1246 1497 in
1262 1424 1474 1497 tabula
1494 1425 1615 1497 effe
1635 1425 2006 1524 productos.
2042 1420 2171 1495 Sed
2190 1422 2261 1492 in

179 1528 538 1600 neminem
590 1550 786 1594 unum
841 1527 1234 1596 lineamenta
1273 1525 1533 1617 alicujus
1581 1525 1882 1625 imaginis
1920 1519 2262 1595 cadebant.

178 1631 297 1697 Ita
349 1648 429 1693 ue
464 1621 727 1692 variatis
771 1619 1112 1694 sententiis
1139 1680 1159 1707 ,
1199 1648 1407 1722 neque
1432 1648 1588 1696 mcae
1607 1622 1969 1722 petulantiae
1993 1669 2014 1702 ‚
2052 1641 2263 1718 neque

185 1650 526 1814 ejulmodi
563 1718 982 1792 divinationis
1034 1721 1263 1794 idonea
1314 1744 1725 1823 argumenta,
1763 1719 2258 1818 reperiebantur.

187 1825 482 1897 Nam-Bc
509 1820 886 1919 plerumque
905 1817 1124 1894 frustra
1145 1817 1564 1921 quaerentium
1584 1819 1767 1892 labor
1785 1842 1939 1893 erat:
1963 1843 2106 1890 cum
2124 1817 2265 1888 haec

180 1921 467 1993 nomina
487 1977 508 2004 ‚
535 1919 769 2016 partim
791 1919 872 1990 ad
893 1944 1339 2021 argumentum
1359 1921 1571 1995 efficta
1596 1971 1618 2007 ‚
1642 1945 1773 1992 non
1792 1918 1972 2003 alibi,
1989 1942 2177 2016 quam
2202 1917 2267 1987 in

175 2043 338 2095 mea
358 2016 544 2090 scena
564 2018 1018 2107 consisterent3
1039 2021 1271 2117 partim
1291 2044 1502 2092 autem
1525 2019 1725 2092 effent
1743 2019 2083 2091 hominum
2108 2014 2267 2089 mihi

181 2122 438 2219 privata
461 2113 892 2190 familiaritate
915 2120 1330 2218 cognitorum
1353 2170 1377 2203 ,
1399 2117 1502 2190 sed
1517 2123 1625 2218 qui
1647 2143 1779 2189 non
1802 2115 2064 2189 summis
2089 2112 2266 2188 fasti-
2292 2163 2297 2168 -

234 2220 318 2289 iis
336 2216 491 2290 editi
514 2243 546 2288 a
595 2217 676 2289 ud
699 2219 943 2291 multos
964 2217 1273 2291 latebant.
1327 2222 1507 2294 Nam
1530 2218 1683 2318 quid
1702 2219 2001 2291 intererat
2020 2215 2259 2290 descri-

180 2246 354 2388 ξας
372 2320 521 2390 vitia
545 2244 937 2392 (Pummorum
963 2339 1070 2389 aut
1091 2318 1515 2391 mediocrium
1534 2318 1802 2390 hominu
1813 2346 1906 2406 σν,
1931 2343 2076 2391 cum
2098 2320 2261 2391 utri-

189 2439 321 2517 que
361 2415 588 2488 eadem
612 2420 923 2514 pravitate
939 2414 1279 2490 sceleribus
1306 2416 1727 2517 indulgeant?
1770 2427 1836 2492 δι
1861 2416 2022 2516 saepe
2040 2419 2265 2491 effica-

191 2516 373 2586 ciora
391 2515 696 2613 nequitiae
721 2517 983 2587 consilia
999 2519 1067 2588 in
1084 2517 1435 2588 humilibus
1453 2518 1694 2602 videas,
1718 2519 1873 2601 dum
1894 2516 2165 2588 ambitio
2182 2517 2264 2586 ad

196 2613 555 2711 parandam
588 2610 1094 2711 magnitudinem
1128 2613 1411 2689 foediora
1445 2614 1691 2715 flagitia
1724 2640 1917 2714 quam
1962 2612 2038 2685 ad
2079 2634 2270 2684 tuen-

205 2710 361 2805 dam
393 2708 612 2781 audet.
662 2709 853 2785 Nihil
891 2712 1288 2788 dissimulabo
1324 2706 1394 2787 in
1443 2714 1561 2787 hac
1582 2708 2266 2815 fimpliciprofeffione

206 2804 499 2881 sensuum
533 2832 846 2881 meorum.
902 2814 1175 2911 Aliquot
1221 2817 1410 2888 amici
1450 2814 1614 2887 hanc
1654 2815 1816 2886 ultio
1828 2839 1973 2887 nem
1994 2814 2267 2915 ingratis

109 2962 120 2971 ·
202 2911 436 2981 animis
458 2932 822 2981 meruerunt
844 2939 862 2982 r
912 2912 1136 3010 quibus
1158 2915 1233 2986 ad
1254 2912 1771 2988 consuetudinem
1792 2915 2265 2989 benevolentiae

198 3011 475 3107 receptis
493 3056 515 3092 ‚
538 3011 893 3083 &illorum
917 3013 1182 3087 crimina
1202 3025 1268 3089 δι
1311 3018 1575 3114 Satyrici
1600 3020 1728 3089 mei
1750 3014 2142 3087 iracundiam
2169 3033 2273 3083 red

199 3110 577 3181 conciliatio
611 3112 907 3183 extinxit.
967 3113 1145 3187 Cum
1182 3116 1251 3188 in
1270 3117 1393 3187 illis
1413 3142 1573 3188 vana
1592 3117 1886 3215 quaedam
1909 3110 2112 3183 studia
2132 3131 2271 3180 tor-

203 3229 580 3308 querentur,
630 3234 713 3282 ne
748 3210 1158 3308 Euphormio
1194 3215 1458 3314 quidem
1481 3212 1971 3309 superstitiosam
1992 3209 2276 3308 diligen-

199 3312 368 3380 tiam
388 3304 591 3379 evalit
610 3338 634 3394 ς
652 3312 793 3408 quis
815 3331 918 3381 aut
936 3312 1103 3385 unde
1125 3315 1280 3386 ess'et
1299 3362 1324 3399 ,
1359 3339 1497 3413 quae
1520 3315 1688 3383 illius
1716 3308 1969 3384 Lusinia
1994 3304 2272 3381 fabulosa

194 3407 522 3483 felicitate
553 3409 914 3491 celebrata,
953 3437 1108 3484 num
1142 3411 1421 3513 denique
1457 3412 1733 3511 propriis
1757 3408 2081 3481 doloribus
2102 3409 2269 3482 hanc

192 3510 480 3608 Satyrici
517 3506 879 3582 libertatem
898 3508 1166 3583 dediss‘et
1184 3560 1208 3594 ‚
1241 3513 1464 3585 omnia
1481 3536 1597 3611 per
1620 3534 1819 3582 vanas
1837 3510 2263 3603 conjecturas,

190 3611 370 3684 inter
388 3609 523 3680 otia
548 3606 950 3684 literatorum
968 3612 1069 3683 vel
1094 3612 1350 3686 invidiae
1369 3637 1609 3697 curam,
1633 3605 1800 3708 pens
1789 3608 2069 3684 abantur.

303 3710 615 3808 Speciem
638 3710 949 3783 amentia:
964 3770 984 3797 ,
1027 3734 1414 3812 crucemque
1432 3762 1456 3798 ‚
1481 3720 1546 3786 Sc
1571 3730 1800 3782 caetera
1817 3736 1957 3810 quae
1974 3707 2084 3782 lufi
2104 3712 2278 3785 cala-

189 3811 448 3887 mitatis
491 3814 662 3884 mala
683 3858 709 3896 ,
754 3811 1081 3914 ptaecipue
1116 3811 1483 3886 servitutem
1505 3858 1527 3896 ,
1562 3809 1893 3886 voluerunt
1926 3813 2270 3913 imputare,

1262 3917 1330 3983 T
1393 3936 1431 3984 2
2172 3911 2276 3981 cu‘i
