2738 4475
929 262 1785 337 ranan-⁵
2138 270 2288 347 245

241 377 442 458 'veluti
456 378 1452 480 ludibriisventorum‚implicata
1467 381 1785 453 cultorum
1803 371 2009 448 studia
2023 372 2292 445 deludat.

241 481 444 580 Piget
501 478 887 581 respondere
926 482 1285 555 maledictis
1325 477 1793 552 criminationis
1829 474 1994 547 adeo
2034 473 2290 569 ineptae.

227 582 423 672 „Qis
442 579 645 656 nescit
665 605 765 654 tot
783 579 1111 677 Juriscons
1104 584 1379 653 ultorum
1401 579 1695 663 rixas‚tot
1717 577 2143 672 interpretum
2162 572 2302 642 bel-

231 680 301 751 la
316 727 345 763 ‚
385 690 462 754 &
497 683 806 779 mancipia
822 685 951 773 jam
967 707 1100 753 non
1121 680 1417 752 cedentia
1440 677 1616 755 urbi,
1658 675 1857 748 veluti
1890 672 2154 746 frondes
2175 665 2299 743 effe

236 800 444 876 atque
462 803 669 852 ramos
685 783 989 854 lentiores
1009 830 1034 866 ,
1052 806 1191 879 quae
1212 780 1291 850 ab
1307 779 1498 877 iplius
1518 776 1813 851 Scientiae
1830 822 1851 855 ‚
1870 775 1937 846 id
1955 772 2051 845 est
2069 828 2090 856 ,
2128 794 2297 842 verae

230 875 631 978 finceraeque
662 878 1179 978 Jurisprudentiae
1198 929 1226 964 ,
1261 900 1490 952 trunco
1520 877 1876 947 luxuriant?
1932 869 2078 971 lpsa
2111 894 2300 953 vero,

234 1002 390 1075 quae
412 976 611 1051 firmis
629 981 943 1052 radicibus
964 978 1149 1049 arbor
1167 980 1355 1049 nullis
1378 973 1792 1075 opinionibus
1813 994 2092 1044 mutatur
2108 1020 2132 1056 ,
2186 966 2297 1040 sed

224 1074 619 1150 constantiae
655 1079 842 1151 laude
874 1080 1041 1150 inter
1059 1074 1458 1149 scientiarum
1478 1076 1823 1174 praecipuas
1846 1074 2094 1170 exurgit
2117 1127 2138 1154 ‚
2183 1061 2333 1140 illa*

223 1169 454 1248 ferme
490 1181 787 1252 continet
806 1223 831 1259 ‚
871 1204 1013 1276 quae
1060 1169 1318 1274 [ustitiae
1341 1197 1662 1272 praecepta
1681 1175 2073 1270 appellamus
2093 1226 2113 1255 ‚
2151 1196 2295 1267 quae

218 1275 595 1373 compositi
612 1279 859 1377 regulas
879 1279 1029 1370 juris
1052 1326 1077 1362 ,
1096 1299 1448 1373 caeteraque
1464 1299 1601 1371 quae
1625 1268 2022 1360 nascentibus
2042 1275 2300 1343 Natura

220 1371 316 1445 de
331 1397 613 1447 externa
628 1379 691 1449 vi
711 1425 736 1461 ,
772 1400 876 1448 aut
911 1376 993 1448 de
1012 1374 1368 1448 domestica
1385 1374 1779 1444 continentia
1793 1421 1818 1456 ,
1855 1376 1920 1441 δι
1946 1392 2178 1442 naturae
2200 1365 2296 1439 as-

214 1467 448 1545 sertor
488 1474 893 1570 magistratus
911 1526 931 1554 ,
968 1471 1367 1574 praescripfit.
1422 1475 1524 1543 Ex
1541 1470 1663 1543 hoc
1682 1493 1912 1542 trunco
1925 1466 2177 1566 illisque
2193 1492 2298 1540 ra·-

218 1570 504 1642 dicibus
543 1573 667 1641 alia
700 1573 1118 1668 virgultorum
1152 1572 1345 1643 instar
1384 1568 1730 1642 uberrimus
1761 1569 1982 1640 succus
2013 1565 2296 1641 diffudit.

94 1740 106 1751 ,
195 1681 198 1684 ’
221 1672 414 1743 Hoc
435 1691 593 1739 vero
606 1669 710 1740 cui
734 1668 1155 1770 Philosophiae
1177 1670 1335 1768 parti
1352 1693 1491 1740 non
1504 1668 1779 1768 contigit
1795 1715 1822 1752 ,
1848 1694 1985 1766 quae
2004 1687 2104 1738 tot
2120 1681 2299 1766 quae‘·

230 1765 576 1839 stionibus
592 1812 614 1847 ‚
650 1788 909 1867 tamque
943 1768 1325 1841 variantibus
1360 1767 1594 1840 animis
1625 1768 1915 1838 omnium
1932 1789 2299 1862 temporum

223 1861 298 1937 sc
308 1864 672 1948 holasticos
690 1867 1033 1940 commisit.
1077 1874 1092 1904 ¹
1108 1870 1277 1962 Qis
1303 1869 1619 1966 Logicam
1639 1863 1989 1939 ministram
2007 1865 2299 1944 rationis,

211 1961 554 2064 fidusque
571 1967 914 2047 mentium,
937 1966 976 2041 ὲ
995 1961 1399 2046 scientiarum
1418 1965 1644 2038 ordine
1664 1963 1857 2037 tristis
1876 1961 2097 2037 censor
2117 1987 2298 2034 amo-

221 2086 399 2141 veat
414 2112 440 2150 ‚
475 2086 695 2138 tamen
729 2073 796 2140 δι
834 2068 906 2136 de
918 2067 1140 2138 entibus
1155 2071 1389 2139 rationis
1423 2069 1544 2163 (ita
1561 2065 1739 2137 enim
1758 2061 1896 2134 usus
1914 2065 2294 2161 appellavit)

227 2162 559 2265 disputat,
594 2169 658 2235 &
701 2166 775 2237 de
812 2166 1251 2265 Univerfhlium
1266 2186 1484 2239 natura
1500 2166 1710 2265 litigat
1733 2211 1754 2247 ‚
1794 2171 1858 2237 δι
1882 2163 2151 2235 necdum
2174 2162 2292 2233 de·-

228 2264 529 2337 liberavit
549 2314 577 2349 ,
601 2290 682 2337 an
702 2264 1183 2338 conclufionem
1202 2263 1566 2364 Syllogismi
1586 2263 1872 2365 partibus
1889 2284 2286 2335 annumeret.

241 2366 414 2458 Qae
466 2364 893 2435 controversia
927 2366 1138 2463 magis
1177 2362 1409 2436 vestras
1448 2364 1731 2435 exercuit
1765 2359 2008 2435 scholas
2030 2413 2059 2448 ,
2086 2389 2288 2462 quam

239 2459 401 2534 dum
424 2461 673 2555 Phylici
685 2466 757 2534 de
773 2469 1019 2539 materia
1031 2469 1229 2563 prima
1251 2523 1272 2549 ‚
1300 2468 1372 2547 de
1389 2463 1842 2561 causalitatibuo,
1865 2465 1937 2532 de
1959 2468 2296 2562 Alcbymm

247 2558 666 2632 diverfiffima
700 2585 916 2633 mente
952 2566 1348 2637 contendunt
1373 2570 1402 2637 ἓ
1436 2585 1538 2632 aut
1571 2564 1724 2633 dum
1746 2558 1782 2628 s
1774 2563 2010 2631 cientia
2032 2585 2292 2631 morum

253 2652 637 2729 felicitatem
658 2653 825 2735 suam
845 2665 1090 2735 nuncin
1111 2658 1552 2740 amoeniffimo
1570 2658 1700 2734 visu
1727 2704 1749 2739 ‚
1777 2683 1944 2729 nunc
1966 2661 2033 2730 in
2054 2660 2293 2735 amoris
2342 2712 2355 2723 ,

256 2752 566 2827 suavitate
597 2753 920 2853 disponit?
952 2762 1074 2833 Sed
1112 2765 1415 2861 quoniam
1433 2782 1679 2832 tantum
1705 2760 1813 2830 illa
1832 2754 1971 2830 sunt
1994 2760 2164 2832 velut
2185 2762 2291 2833 in-

252 2876 581 2927 crementa
615 2852 802 2927 solidi
830 2862 1114 2956 corporis
1131 2911 1152 2943 ,
1189 2862 1338 2933 ideo
1361 2886 1478 2933 nec
1501 2856 1926 2956 Philosophia?
1944 2886 2181 2933 nomen
2200 2886 2285 2935 ex

245 2951 652 3028 scientiarum
670 2954 820 3027 albo
838 2956 1206 3033 delevimus.
1263 2962 1481 3033 Minus
1503 2957 1880 3059 peccaviss'es
1902 3009 1926 3045 ,
1948 2958 1992 3032 fi
2014 2963 2287 3033 inviola-

243 3073 318 3126 to
334 3056 598 3127 numine
615 3051 790 3128 Iuris
776 3057 1120 3154 prudentia
1140 3108 1165 3143 ,
1186 3082 1432 3134 tantum
1450 3066 1587 3156 ejus
1608 3090 1707 3157 my
1719 3058 1834 3131 stas
1856 3055 2286 3144 accusavisses‚

246 3154 360 3253 qui
374 3149 572 3229 severi
602 3155 958 3230 sacerdotii
973 3181 1425 3235 ornamentum
1447 3161 1764 3234 maculant
1786 3156 2172 3253 indignitate
2189 3159 2293 3247 ju-

319 3364 362 3402 1-
385 3348 505 3415 21:1⁶1
615 3358 722 3405 ῑωιι
760 3358 1006 3408 niumm·
1032 3360 1241 3419 rationis,
1289 3358 1378 3410 fica
1406 3355 1486 3407 ubi
1518 3357 1667 3425 agitur
1699 3354 1759 3404 de
1790 3352 1986 3403 Materia
2001 3278 2284 3421 ριξηῗὶξῗίε

238 3418 381 3500 φα]
414 3421 503 3470 Hic
528 3421 576 3472 di
678 3438 722 3474 at
737 3438 894 3475 utrum
913 3425 1236 3496 Jurispruden-
1383 3439 1490 3475 tuor
1514 3422 1676 3476 Cauiis
1691 3454 1711 3480 ,
1741 3418 1816 3471 scd
1851 3422 1898 3471 δι
1929 3422 1987 3470 de
2016 3422 2250 3475 Alchimia
2265 3458 2303 3485 ,A

233 3501 339 3544 Μ,
372 3490 672 3548 mimum
689 3508 907 3561 μητερα
921 3510 1010 3562 pro
1023 3495 1155 3545 bono
1171 3496 1239 3546 ci-
1326 3509 1380 3545 nt
1409 3505 1530 3543 artes
1556 3493 1630 3544 vel
1657 3488 1866 3540 scientia.
1907 3489 1995 3540 sed
2020 3491 2167 3543 adium
2197 3492 2284 3546 sub

238 3557 587 3625 viliinpraxim
601 3561 917 3622 reducuntun
957 3567 1066 3613 Into
1080 3577 1239 3615 utrum
1293 3561 1532 3633 Judicelis
1558 3558 1640 3610 est.
1672 3561 1816 3608 Porro
1847 3574 1943 3610 non
1957 3558 2151 3613 dubium
2163 3564 2288 3631 quin

237 3626 453 3692 lagia,
494 3627 574 3679 ubi
601 3626 860 3698 disputatur
893 3652 909 3688 ι
960 3646 1118 3682 utrum
1144 3630 1244 3681 fieri
1293 3626 1529 3681 conclufio
1554 3626 1611 3679 fit
1670 3642 1744 3678 ars
1772 3623 2053 3697 syllogifini‚
2097 3633 2177 3699 qni
2206 3632 2283 3682 di·

231 3691 378 3760 poffit
404 3693 480 3746 ιιι)
500 3700 686 3749 rari-nh
730 3714 831 3750 non
864 3697 927 3748 ab
944 3698 1140 3759 bomine
1168 3697 1246 3749 so·-
1293 3700 1415 3749 citur
1443 3697 1503 3748 ab
1531 3697 1618 3748 Ari
1660 3727 1676 3741 .
1725 3696 2044 3747 Ratiocinatio
2077 3698 2287 3766 perfecta

227 3763 333 3817 lum
352 3761 785 3821 ,stderiamanm
837 3771 898 3815 Et
930 3764 1244 3815 ntrumdetur
1300 3764 1517 3818 constans
1544 3763 1720 3819 duabm
1747 3762 1980 3832 graminis
2008 3766 2060 3817 δι
2087 3769 2281 3819 conclu-

226 3828 501 3889 universale
513 3833 543 3886 δ
556 3850 693 3904 parte
706 3836 776 3887 rei
795 3851 810 3884 ε
829 3838 1041 3887 Βαιιιω
1054 3847 1116 3884 an
1132 3832 1252 3900 Phy-
1300 3830 1445 3885 sione.
1817 3897 1888 3967 Q
2170 3911 2194 3945 ι
2233 3901 2293 3947 n

1899 3918 1923 3967 3
