<?xml version="1.0" encoding="UTF-8"?>
<!DOCTYPE html PUBLIC "-//W3C//DTD XHTML 1.0 Transitional//EN"
    "http://www.w3.org/TR/xhtml1/DTD/xhtml1-transitional.dtd">
<html xmlns="http://www.w3.org/1999/xhtml" xml:lang="en" lang="en">
 <head>
  <title>
</title>
<meta http-equiv="Content-Type" content="text/html;charset=utf-8" />
  <meta name='ocr-system' content='tesseract 3.04.00' />
  <meta name='ocr-capabilities' content='ocr_page ocr_carea ocr_par ocr_line ocrx_word'/>
</head>
<body>
  <div class='ocr_page' id='page_1' title='image "./euphormionislus00barcgoog_0621.png"; bbox 0 0 2738 4475; ppageno 0'>
   <div class='ocr_carea' id='block_1_1' title="bbox 857 274 2285 372">
    <p class='ocr_par' dir='ltr' id='par_1_1' title="bbox 857 274 2285 372">
     <span class='ocr_line' id='line_1_1' title="bbox 857 274 2285 372; baseline -0.001 -30"><span class='ocrx_word' id='word_1_1' title='bbox 857 277 912 342; x_wconf 88' lang='lat' dir='ltr'><strong>P</strong></span> <span class='ocrx_word' id='word_1_2' title='bbox 1002 295 1067 344; x_wconf 73' lang='lat' dir='ltr'>‚A</span> <span class='ocrx_word' id='word_1_3' title='bbox 1174 294 1231 344; x_wconf 77' lang='lat' dir='ltr'>R</span> <span class='ocrx_word' id='word_1_4' title='bbox 1333 295 1365 344; x_wconf 88' lang='lat' dir='ltr'>s</span> <span class='ocrx_word' id='word_1_5' title='bbox 1467 274 1633 347; x_wconf 86' lang='lat' dir='ltr'><strong>Iv.-</strong></span> <span class='ocrx_word' id='word_1_6' title='bbox 1814 281 1819 290; x_wconf 79' lang='grc'><em>“</em></span> <span class='ocrx_word' id='word_1_7' title='bbox 2137 288 2285 372; x_wconf 80' lang='lat'>555</span> 
     </span>
    </p>
   </div>
   <div class='ocr_carea' id='block_1_2' title="bbox 143 389 2341 3986">
    <p class='ocr_par' dir='ltr' id='par_1_2' title="bbox 143 389 2341 3986">
     <span class='ocr_line' id='line_1_2' title="bbox 232 389 2286 500; baseline -0.002 -28"><span class='ocrx_word' id='word_1_8' title='bbox 232 394 433 500; x_wconf 83' lang='lat' dir='ltr'>reipsa</span> <span class='ocrx_word' id='word_1_9' title='bbox 454 403 793 473; x_wconf 86' lang='lat' dir='ltr'>Sacrorum</span> <span class='ocrx_word' id='word_1_10' title='bbox 814 392 1331 467; x_wconf 79' lang='lat' dir='ltr'>incolumitatem</span> <span class='ocrx_word' id='word_1_11' title='bbox 1353 389 1663 468; x_wconf 87' lang='lat' dir='ltr'>sustinent</span> <span class='ocrx_word' id='word_1_12' title='bbox 1684 389 2034 492; x_wconf 84' lang='lat' dir='ltr'>;improbi,</span> <span class='ocrx_word' id='word_1_13' title='bbox 2060 391 2286 468; x_wconf 87' lang='lat' dir='ltr'>saltem</span> 
     </span>
     <span class='ocr_line' id='line_1_3' title="bbox 235 494 2288 602; baseline -0.003 -29"><span class='ocrx_word' id='word_1_14' title='bbox 235 500 442 602; x_wconf 84' lang='lat' dir='ltr'>specie</span> <span class='ocrx_word' id='word_1_15' title='bbox 462 507 531 573; x_wconf 74' lang='grc' dir='ltr'>δι</span> <span class='ocrx_word' id='word_1_16' title='bbox 555 501 792 571; x_wconf 84' lang='lat' dir='ltr'>virtute</span> <span class='ocrx_word' id='word_1_17' title='bbox 811 494 1169 593; x_wconf 87' lang='lat' dir='ltr'>dignitatis.</span> <span class='ocrx_word' id='word_1_18' title='bbox 1233 497 1473 569; x_wconf 89' lang='lat' dir='ltr'>Munus</span> <span class='ocrx_word' id='word_1_19' title='bbox 1509 495 1838 596; x_wconf 81' lang='lat' dir='ltr'>quondam</span> <span class='ocrx_word' id='word_1_20' title='bbox 1874 495 2109 567; x_wconf 91' lang='lat' dir='ltr'>laboris</span> <span class='ocrx_word' id='word_1_21' title='bbox 2150 497 2288 593; x_wconf 86' lang='lat' dir='ltr'>ple-</span> 
     </span>
     <span class='ocr_line' id='line_1_4' title="bbox 237 592 2284 695; baseline -0.004 -21"><span class='ocrx_word' id='word_1_22' title='bbox 237 599 562 675; x_wconf 84' lang='lat' dir='ltr'>niffimum</span> <span class='ocrx_word' id='word_1_23' title='bbox 588 643 611 679; x_wconf 84' lang='lat'>‚</span> <span class='ocrx_word' id='word_1_24' title='bbox 651 605 717 670; x_wconf 74' lang='grc' dir='ltr'>δι</span> <span class='ocrx_word' id='word_1_25' title='bbox 737 646 760 682; x_wconf 86' lang='grc'><em>,</em></span> <span class='ocrx_word' id='word_1_26' title='bbox 801 595 952 667; x_wconf 86' lang='lat' dir='ltr'>dum</span> <span class='ocrx_word' id='word_1_27' title='bbox 990 594 1260 693; x_wconf 83' lang='lat' dir='ltr'>publicae</span> <span class='ocrx_word' id='word_1_28' title='bbox 1301 596 1480 695; x_wconf 82' lang='lat' dir='ltr'>leges</span> <span class='ocrx_word' id='word_1_29' title='bbox 1519 592 1736 667; x_wconf 88' lang='lat' dir='ltr'>nostra</span> <span class='ocrx_word' id='word_1_30' title='bbox 1770 592 1938 666; x_wconf 88' lang='lat' dir='ltr'>sacra</span> <span class='ocrx_word' id='word_1_31' title='bbox 1955 595 2284 684; x_wconf 77' lang='lat' dir='ltr'>vetabant,</span> 
     </span>
     <span class='ocr_line' id='line_1_5' title="bbox 237 693 2290 793; baseline -0.006 -20"><span class='ocrx_word' id='word_1_32' title='bbox 237 704 434 774; x_wconf 88' lang='lat' dir='ltr'>etiam</span> <span class='ocrx_word' id='word_1_33' title='bbox 474 700 544 770; x_wconf 89' lang='lat' dir='ltr'>in</span> <span class='ocrx_word' id='word_1_34' title='bbox 588 719 944 769; x_wconf 83' lang='lat' dir='ltr'>extremum</span> <span class='ocrx_word' id='word_1_35' title='bbox 983 693 1271 793; x_wconf 75' lang='lat' dir='ltr'>periculi</span> <span class='ocrx_word' id='word_1_36' title='bbox 1289 720 1630 768; x_wconf 84' lang='lat' dir='ltr'>excurrens</span> <span class='ocrx_word' id='word_1_37' title='bbox 1656 726 1673 769; x_wconf 72' lang='lat' dir='ltr'>t</span> <span class='ocrx_word' id='word_1_38' title='bbox 1728 721 1882 768; x_wconf 85' lang='lat' dir='ltr'>mox</span> <span class='ocrx_word' id='word_1_39' title='bbox 1906 695 2156 768; x_wconf 87' lang='lat' dir='ltr'>domita</span> <span class='ocrx_word' id='word_1_40' title='bbox 2173 720 2290 766; x_wconf 54' lang='lat' dir='ltr'>ex,</span> 
     </span>
     <span class='ocr_line' id='line_1_6' title="bbox 234 791 2293 896; baseline -0.004 -23"><span class='ocrx_word' id='word_1_41' title='bbox 234 802 569 895; x_wconf 60' lang='lat' dir='ltr'>tinctaque</span> <span class='ocrx_word' id='word_1_42' title='bbox 588 797 993 869; x_wconf 86' lang='lat' dir='ltr'>inimicorum</span> <span class='ocrx_word' id='word_1_43' title='bbox 1014 791 1608 896; x_wconf 81' lang='lat' dir='ltr'>saevitia,congestae</span> <span class='ocrx_word' id='word_1_44' title='bbox 1634 793 1858 893; x_wconf 87' lang='lat' dir='ltr'>paffim</span> <span class='ocrx_word' id='word_1_45' title='bbox 1882 820 2041 893; x_wconf 85' lang='lat' dir='ltr'>opes</span> <span class='ocrx_word' id='word_1_46' title='bbox 2062 796 2130 867; x_wconf 88' lang='lat' dir='ltr'>in</span> <span class='ocrx_word' id='word_1_47' title='bbox 2145 818 2293 866; x_wconf 88' lang='lat' dir='ltr'>tan·</span> 
     </span>
     <span class='ocr_line' id='line_1_7' title="bbox 240 892 2288 995; baseline -0.002 -23"><span class='ocrx_word' id='word_1_48' title='bbox 240 903 292 972; x_wconf 91' lang='lat' dir='ltr'>ti</span> <span class='ocrx_word' id='word_1_49' title='bbox 308 898 512 973; x_wconf 87' lang='lat' dir='ltr'>officii</span> <span class='ocrx_word' id='word_1_50' title='bbox 531 899 983 978; x_wconf 87' lang='lat' dir='ltr'>reverentiam,</span> <span class='ocrx_word' id='word_1_51' title='bbox 1004 892 1439 995; x_wconf 71' lang='lat' dir='ltr'>penecausam</span> <span class='ocrx_word' id='word_1_52' title='bbox 1462 898 1834 968; x_wconf 77' lang='lat' dir='ltr'>reverentiae</span> <span class='ocrx_word' id='word_1_53' title='bbox 1852 897 2288 968; x_wconf 76' lang='lat' dir='ltr'>extinxerunt.</span> 
     </span>
     <span class='ocr_line' id='line_1_8' title="bbox 239 994 2296 1094; baseline -0.003 -23"><span class='ocrx_word' id='word_1_54' title='bbox 239 1003 427 1071; x_wconf 85' lang='lat' dir='ltr'>Nam</span> <span class='ocrx_word' id='word_1_55' title='bbox 447 998 674 1072; x_wconf 88' lang='lat' dir='ltr'>additis</span> <span class='ocrx_word' id='word_1_56' title='bbox 709 1002 804 1092; x_wconf 79' lang='grc' dir='ltr'>(δι</span> <span class='ocrx_word' id='word_1_57' title='bbox 831 994 982 1070; x_wconf 85' lang='lat' dir='ltr'>addi</span> <span class='ocrx_word' id='word_1_58' title='bbox 1000 997 1260 1094; x_wconf 86' lang='lat' dir='ltr'>quidem</span> <span class='ocrx_word' id='word_1_59' title='bbox 1285 997 1584 1082; x_wconf 83' lang='lat' dir='ltr'>decebat)</span> <span class='ocrx_word' id='word_1_60' title='bbox 1604 996 1681 1068; x_wconf 88' lang='lat' dir='ltr'>ad</span> <span class='ocrx_word' id='word_1_61' title='bbox 1703 997 1810 1067; x_wconf 87' lang='lat' dir='ltr'>illa</span> <span class='ocrx_word' id='word_1_62' title='bbox 1831 996 2049 1067; x_wconf 84' lang='lat' dir='ltr'>divina</span> <span class='ocrx_word' id='word_1_63' title='bbox 2065 996 2296 1068; x_wconf 85' lang='lat' dir='ltr'>huma-</span> 
     </span>
     <span class='ocr_line' id='line_1_9' title="bbox 242 1091 2295 1198; baseline 0 -29"><span class='ocrx_word' id='word_1_64' title='bbox 242 1101 344 1169; x_wconf 89' lang='lat' dir='ltr'>nis</span> <span class='ocrx_word' id='word_1_65' title='bbox 383 1099 607 1196; x_wconf 89' lang='lat' dir='ltr'>opibus</span> <span class='ocrx_word' id='word_1_66' title='bbox 643 1121 837 1198; x_wconf 87' lang='lat' dir='ltr'>atque</span> <span class='ocrx_word' id='word_1_67' title='bbox 874 1096 1110 1171; x_wconf 88' lang='lat' dir='ltr'>officiis</span> <span class='ocrx_word' id='word_1_68' title='bbox 1133 1144 1155 1177; x_wconf 90' lang='lat'>‚</span> <span class='ocrx_word' id='word_1_69' title='bbox 1211 1118 1461 1172; x_wconf 86' lang='lat' dir='ltr'>tantum</span> <span class='ocrx_word' id='word_1_70' title='bbox 1496 1121 1662 1168; x_wconf 86' lang='lat' dir='ltr'>onus</span> <span class='ocrx_word' id='word_1_71' title='bbox 1685 1120 1949 1195; x_wconf 84' lang='lat' dir='ltr'>vergere</span> <span class='ocrx_word' id='word_1_72' title='bbox 1966 1098 2033 1167; x_wconf 93' lang='lat' dir='ltr'>in</span> <span class='ocrx_word' id='word_1_73' title='bbox 2053 1091 2295 1169; x_wconf 83' lang='lat' dir='ltr'>terram</span> 
     </span>
     <span class='ocr_line' id='line_1_10' title="bbox 237 1194 2296 1298; baseline -0.001 -29"><span class='ocrx_word' id='word_1_74' title='bbox 237 1199 466 1298; x_wconf 86' lang='lat' dir='ltr'>coepit,</span> <span class='ocrx_word' id='word_1_75' title='bbox 492 1223 718 1271; x_wconf 88' lang='lat' dir='ltr'>eorum</span> <span class='ocrx_word' id='word_1_76' title='bbox 736 1198 901 1270; x_wconf 88' lang='lat' dir='ltr'>vitio</span> <span class='ocrx_word' id='word_1_77' title='bbox 923 1194 1150 1297; x_wconf 83' lang='lat' dir='ltr'>quibus</span> <span class='ocrx_word' id='word_1_78' title='bbox 1171 1197 1238 1270; x_wconf 89' lang='lat' dir='ltr'>in</span> <span class='ocrx_word' id='word_1_79' title='bbox 1260 1198 1378 1269; x_wconf 87' lang='lat' dir='ltr'>hac</span> <span class='ocrx_word' id='word_1_80' title='bbox 1394 1219 1806 1295; x_wconf 85' lang='lat' dir='ltr'>utrarumque</span> <span class='ocrx_word' id='word_1_81' title='bbox 1824 1221 2031 1269; x_wconf 86' lang='lat' dir='ltr'>rerum</span> <span class='ocrx_word' id='word_1_82' title='bbox 2054 1197 2296 1269; x_wconf 74' lang='lat' dir='ltr'>mixtu-</span> 
     </span>
     <span class='ocr_line' id='line_1_11' title="bbox 238 1294 2294 1398; baseline -0.001 -28"><span class='ocrx_word' id='word_1_83' title='bbox 238 1323 305 1370; x_wconf 88' lang='lat' dir='ltr'>ra</span> <span class='ocrx_word' id='word_1_84' title='bbox 341 1301 532 1371; x_wconf 88' lang='lat' dir='ltr'>tellus</span> <span class='ocrx_word' id='word_1_85' title='bbox 568 1299 791 1398; x_wconf 78' lang='lat' dir='ltr'>potior</span> <span class='ocrx_word' id='word_1_86' title='bbox 829 1301 1007 1369; x_wconf 84' lang='lat' dir='ltr'>coelo</span> <span class='ocrx_word' id='word_1_87' title='bbox 1029 1294 1172 1369; x_wconf 87' lang='lat' dir='ltr'>fuit.</span> <span class='ocrx_word' id='word_1_88' title='bbox 1227 1296 1452 1369; x_wconf 87' lang='lat' dir='ltr'>Triste</span> <span class='ocrx_word' id='word_1_89' title='bbox 1470 1298 1724 1374; x_wconf 67' lang='lat' dir='ltr'>afflicta:</span> <span class='ocrx_word' id='word_1_90' title='bbox 1744 1294 2085 1393; x_wconf 80' lang='lat' dir='ltr'>probitatis</span> <span class='ocrx_word' id='word_1_91' title='bbox 2104 1321 2294 1398; x_wconf 82' lang='lat' dir='ltr'>argu·</span> 
     </span>
     <span class='ocr_line' id='line_1_12' title="bbox 237 1395 2298 1495; baseline -0.001 -24"><span class='ocrx_word' id='word_1_92' title='bbox 237 1421 535 1471; x_wconf 86' lang='lat' dir='ltr'>mentum</span> <span class='ocrx_word' id='word_1_93' title='bbox 575 1398 670 1471; x_wconf 92' lang='lat' dir='ltr'>est</span> <span class='ocrx_word' id='word_1_94' title='bbox 692 1443 714 1478; x_wconf 86' lang='lat'>‚</span> <span class='ocrx_word' id='word_1_95' title='bbox 756 1397 931 1495; x_wconf 90' lang='lat' dir='ltr'>quod</span> <span class='ocrx_word' id='word_1_96' title='bbox 972 1398 1139 1467; x_wconf 89' lang='lat' dir='ltr'>tanti</span> <span class='ocrx_word' id='word_1_97' title='bbox 1158 1395 1409 1467; x_wconf 88' lang='lat' dir='ltr'>labores</span> <span class='ocrx_word' id='word_1_98' title='bbox 1432 1420 1849 1495; x_wconf 83' lang='lat' dir='ltr'>curarumque</span> <span class='ocrx_word' id='word_1_99' title='bbox 1865 1397 2298 1494; x_wconf 85' lang='lat' dir='ltr'>provinciam,</span> 
     </span>
     <span class='ocr_line' id='line_1_13' title="bbox 239 1492 2297 1594; baseline -0.002 -23"><span class='ocrx_word' id='word_1_100' title='bbox 239 1523 377 1594; x_wconf 82' lang='lat' dir='ltr'>quae</span> <span class='ocrx_word' id='word_1_101' title='bbox 395 1499 559 1569; x_wconf 92' lang='lat' dir='ltr'>olim</span> <span class='ocrx_word' id='word_1_102' title='bbox 578 1497 905 1569; x_wconf 86' lang='lat' dir='ltr'>ministros</span> <span class='ocrx_word' id='word_1_103' title='bbox 926 1492 1248 1592; x_wconf 77' lang='lat' dir='ltr'>quaerebat</span> <span class='ocrx_word' id='word_1_104' title='bbox 1272 1540 1294 1575; x_wconf 87' lang='lat'>‚</span> <span class='ocrx_word' id='word_1_105' title='bbox 1316 1497 1445 1587; x_wconf 81' lang='lat' dir='ltr'>jam</span> <span class='ocrx_word' id='word_1_106' title='bbox 1468 1497 1676 1569; x_wconf 88' lang='lat' dir='ltr'>multo</span> <span class='ocrx_word' id='word_1_107' title='bbox 1694 1495 1940 1567; x_wconf 87' lang='lat' dir='ltr'>ambitu</span> <span class='ocrx_word' id='word_1_108' title='bbox 1958 1496 2071 1568; x_wconf 87' lang='lat' dir='ltr'>fibi</span> <span class='ocrx_word' id='word_1_109' title='bbox 2089 1497 2297 1594; x_wconf 88' lang='lat' dir='ltr'>depo-</span> 
     </span>
     <span class='ocr_line' id='line_1_14' title="bbox 236 1593 2298 1693; baseline -0 -27"><span class='ocrx_word' id='word_1_110' title='bbox 236 1594 423 1668; x_wconf 87' lang='lat' dir='ltr'>scunt</span> <span class='ocrx_word' id='word_1_111' title='bbox 439 1597 747 1667; x_wconf 90' lang='lat' dir='ltr'>homines</span> <span class='ocrx_word' id='word_1_112' title='bbox 766 1595 924 1664; x_wconf 82' lang='lat' dir='ltr'><strong>nihil</strong></span> <span class='ocrx_word' id='word_1_113' title='bbox 947 1596 1153 1664; x_wconf 87' lang='lat' dir='ltr'>minus</span> <span class='ocrx_word' id='word_1_114' title='bbox 1172 1618 1365 1693; x_wconf 84' lang='lat' dir='ltr'>quam</span> <span class='ocrx_word' id='word_1_115' title='bbox 1386 1593 1467 1666; x_wconf 88' lang='lat' dir='ltr'>de</span> <span class='ocrx_word' id='word_1_116' title='bbox 1487 1597 1728 1693; x_wconf 86' lang='lat' dir='ltr'>pietate</span> <span class='ocrx_word' id='word_1_117' title='bbox 1747 1603 1816 1669; x_wconf 90' lang='lat'>&amp;</span> <span class='ocrx_word' id='word_1_118' title='bbox 1840 1595 2160 1668; x_wconf 83' lang='lat' dir='ltr'>laboribus</span> <span class='ocrx_word' id='word_1_119' title='bbox 2177 1620 2298 1667; x_wconf 88' lang='lat' dir='ltr'>co-</span> 
     </span>
     <span class='ocr_line' id='line_1_15' title="bbox 288 1690 2298 1795; baseline 0 -31"><span class='ocrx_word' id='word_1_120' title='bbox 288 1696 546 1764; x_wconf 85' lang='lat' dir='ltr'>itantes.</span> <span class='ocrx_word' id='word_1_121' title='bbox 607 1700 709 1766; x_wconf 90' lang='lat' dir='ltr'>Ita</span> <span class='ocrx_word' id='word_1_122' title='bbox 741 1690 883 1765; x_wconf 80' lang='lat' dir='ltr'>haec</span> <span class='ocrx_word' id='word_1_123' title='bbox 922 1692 1156 1764; x_wconf 85' lang='lat' dir='ltr'>eximia</span> <span class='ocrx_word' id='word_1_124' title='bbox 1195 1691 1600 1794; x_wconf 85' lang='lat' dir='ltr'>coelestisque</span> <span class='ocrx_word' id='word_1_125' title='bbox 1623 1694 1897 1794; x_wconf 85' lang='lat' dir='ltr'>dignitas</span> <span class='ocrx_word' id='word_1_126' title='bbox 1917 1696 2298 1795; x_wconf 85' lang='lat' dir='ltr'>plerumque</span> 
     </span>
     <span class='ocr_line' id='line_1_16' title="bbox 239 1721 2298 1891; baseline -0.001 -26"><span class='ocrx_word' id='word_1_127' title='bbox 239 1721 365 1865; x_wconf 55' lang='grc' dir='ltr'>ῗυίε</span> <span class='ocrx_word' id='word_1_128' title='bbox 384 1790 516 1891; x_wconf 83' lang='lat' dir='ltr'>ipsa</span> <span class='ocrx_word' id='word_1_129' title='bbox 531 1791 763 1891; x_wconf 87' lang='lat' dir='ltr'>opibus</span> <span class='ocrx_word' id='word_1_130' title='bbox 786 1801 854 1868; x_wconf 87' lang='lat'>&amp;</span> <span class='ocrx_word' id='word_1_131' title='bbox 873 1793 1271 1865; x_wconf 86' lang='lat' dir='ltr'>ornamentis</span> <span class='ocrx_word' id='word_1_132' title='bbox 1290 1796 1617 1874; x_wconf 82' lang='lat' dir='ltr'>concedit3</span> <span class='ocrx_word' id='word_1_133' title='bbox 1646 1794 1734 1867; x_wconf 86' lang='lat' dir='ltr'>Et</span> <span class='ocrx_word' id='word_1_134' title='bbox 1755 1797 2037 1868; x_wconf 89' lang='lat' dir='ltr'>animum</span> <span class='ocrx_word' id='word_1_135' title='bbox 2057 1795 2135 1866; x_wconf 90' lang='lat' dir='ltr'>ad</span> <span class='ocrx_word' id='word_1_136' title='bbox 2156 1794 2298 1865; x_wconf 81' lang='lat' dir='ltr'>haec</span> 
     </span>
     <span class='ocr_line' id='line_1_17' title="bbox 240 1888 2302 1993; baseline -0.001 -26"><span class='ocrx_word' id='word_1_137' title='bbox 240 1917 503 1967; x_wconf 85' lang='lat' dir='ltr'>munera</span> <span class='ocrx_word' id='word_1_138' title='bbox 525 1894 871 1991; x_wconf 85' lang='lat' dir='ltr'>applicare,</span> <span class='ocrx_word' id='word_1_139' title='bbox 895 1891 990 1966; x_wconf 92' lang='lat' dir='ltr'>est</span> <span class='ocrx_word' id='word_1_140' title='bbox 1008 1914 1076 1964; x_wconf 90' lang='lat' dir='ltr'>ut</span> <span class='ocrx_word' id='word_1_141' title='bbox 1097 1895 1442 1991; x_wconf 84' lang='lat' dir='ltr'>plurimum</span> <span class='ocrx_word' id='word_1_142' title='bbox 1461 1896 1527 1967; x_wconf 87' lang='lat' dir='ltr'>in</span> <span class='ocrx_word' id='word_1_143' title='bbox 1546 1892 1895 1993; x_wconf 77' lang='lat' dir='ltr'>splendidae</span> <span class='ocrx_word' id='word_1_144' title='bbox 1911 1888 2188 1966; x_wconf 85' lang='lat' dir='ltr'>illustris</span> <span class='ocrx_word' id='word_1_145' title='bbox 2218 1915 2302 1964; x_wconf 82' lang='lat' dir='ltr'>ue</span> 
     </span>
     <span class='ocr_line' id='line_1_18' title="bbox 235 1991 2305 2092; baseline 0 -30"><span class='ocrx_word' id='word_1_146' title='bbox 235 1993 585 2090; x_wconf 77' lang='lat' dir='ltr'>opulentia:</span> <span class='ocrx_word' id='word_1_147' title='bbox 606 1993 1034 2091; x_wconf 88' lang='lat' dir='ltr'>cupiditatem</span> <span class='ocrx_word' id='word_1_148' title='bbox 1054 1991 1461 2068; x_wconf 84' lang='lat' dir='ltr'>incumbere.</span> <span class='ocrx_word' id='word_1_149' title='bbox 1515 1997 1700 2066; x_wconf 88' lang='lat' dir='ltr'>Tum</span> <span class='ocrx_word' id='word_1_150' title='bbox 1722 1993 1923 2092; x_wconf 89' lang='lat' dir='ltr'>potiti</span> <span class='ocrx_word' id='word_1_151' title='bbox 1940 2015 2073 2064; x_wconf 90' lang='lat' dir='ltr'>tam</span> <span class='ocrx_word' id='word_1_152' title='bbox 2097 2019 2199 2064; x_wconf 88' lang='lat' dir='ltr'>am</span> <span class='ocrx_word' id='word_1_153' title='bbox 2245 1992 2305 2062; x_wconf 94' lang='lat' dir='ltr'>i-</span> 
     </span>
     <span class='ocr_line' id='line_1_19' title="bbox 232 2090 2300 2193; baseline 0 -29"><span class='ocrx_word' id='word_1_154' title='bbox 232 2091 379 2164; x_wconf 81' lang='lat' dir='ltr'>tiofi</span> <span class='ocrx_word' id='word_1_155' title='bbox 397 2092 685 2163; x_wconf 88' lang='lat' dir='ltr'>nominis</span> <span class='ocrx_word' id='word_1_156' title='bbox 706 2148 729 2176; x_wconf 90' lang='lat'>,</span> <span class='ocrx_word' id='word_1_157' title='bbox 750 2093 891 2163; x_wconf 90' lang='lat' dir='ltr'>illas</span> <span class='ocrx_word' id='word_1_158' title='bbox 909 2117 1099 2193; x_wconf 80' lang='lat' dir='ltr'>gazas</span> <span class='ocrx_word' id='word_1_159' title='bbox 1118 2093 1186 2161; x_wconf 89' lang='lat' dir='ltr'>in</span> <span class='ocrx_word' id='word_1_160' title='bbox 1208 2091 1678 2166; x_wconf 85' lang='lat' dir='ltr'>humanitatem</span> <span class='ocrx_word' id='word_1_161' title='bbox 1699 2091 1961 2191; x_wconf 85' lang='lat' dir='ltr'>hospitii</span> <span class='ocrx_word' id='word_1_162' title='bbox 1986 2140 2010 2176; x_wconf 92' lang='lat'>,</span> <span class='ocrx_word' id='word_1_163' title='bbox 2029 2097 2095 2164; x_wconf 76' lang='grc' dir='ltr'>δι</span> <span class='ocrx_word' id='word_1_164' title='bbox 2119 2090 2300 2190; x_wconf 84' lang='lat' dir='ltr'>spem</span> 
     </span>
     <span class='ocr_line' id='line_1_20' title="bbox 237 2191 2303 2292; baseline -0 -27"><span class='ocrx_word' id='word_1_165' title='bbox 237 2217 589 2292; x_wconf 89' lang='lat' dir='ltr'>egenorum</span> <span class='ocrx_word' id='word_1_166' title='bbox 613 2193 911 2271; x_wconf 79' lang='lat' dir='ltr'>collatas,</span> <span class='ocrx_word' id='word_1_167' title='bbox 937 2192 1325 2292; x_wconf 86' lang='lat' dir='ltr'>permittunt</span> <span class='ocrx_word' id='word_1_168' title='bbox 1346 2192 1607 2289; x_wconf 81' lang='lat' dir='ltr'>privatae</span> <span class='ocrx_word' id='word_1_169' title='bbox 1630 2191 1942 2278; x_wconf 82' lang='lat' dir='ltr'>lasciviae‚</span> <span class='ocrx_word' id='word_1_170' title='bbox 1969 2217 2137 2265; x_wconf 88' lang='lat' dir='ltr'>nunc</span> <span class='ocrx_word' id='word_1_171' title='bbox 2156 2193 2303 2264; x_wconf 87' lang='lat' dir='ltr'>ina·-</span> 
     </span>
     <span class='ocr_line' id='line_1_21' title="bbox 237 2286 2300 2391; baseline 0.001 -26"><span class='ocrx_word' id='word_1_172' title='bbox 237 2295 308 2365; x_wconf 86' lang='lat' dir='ltr'>ni</span> <span class='ocrx_word' id='word_1_173' title='bbox 329 2294 714 2391; x_wconf 62' lang='lat' dir='ltr'>piRurarum</span> <span class='ocrx_word' id='word_1_174' title='bbox 752 2292 961 2367; x_wconf 86' lang='lat' dir='ltr'>studio</span> <span class='ocrx_word' id='word_1_175' title='bbox 975 2340 998 2374; x_wconf 87' lang='lat'><strong>,</strong></span> <span class='ocrx_word' id='word_1_176' title='bbox 1040 2286 1210 2363; x_wconf 73' lang='lat' dir='ltr'>nun&#39;c</span> <span class='ocrx_word' id='word_1_177' title='bbox 1244 2293 1585 2364; x_wconf 86' lang='lat' dir='ltr'>cumulatis</span> <span class='ocrx_word' id='word_1_178' title='bbox 1614 2294 1938 2365; x_wconf 75' lang='lat' dir='ltr'>variorum</span> <span class='ocrx_word' id='word_1_179' title='bbox 1974 2291 2300 2369; x_wconf 84' lang='lat' dir='ltr'>artificum</span> 
     </span>
     <span class='ocr_line' id='line_1_22' title="bbox 241 2389 2300 2491; baseline -0.001 -26"><span class='ocrx_word' id='word_1_180' title='bbox 241 2392 559 2466; x_wconf 85' lang='lat' dir='ltr'>laboribus</span> <span class='ocrx_word' id='word_1_181' title='bbox 578 2390 847 2491; x_wconf 86' lang='lat' dir='ltr'>indigne</span> <span class='ocrx_word' id='word_1_182' title='bbox 863 2392 1136 2465; x_wconf 85' lang='lat' dir='ltr'>ludenti.</span> <span class='ocrx_word' id='word_1_183' title='bbox 1189 2393 1374 2465; x_wconf 88' lang='lat' dir='ltr'>Nam</span> <span class='ocrx_word' id='word_1_184' title='bbox 1394 2389 1504 2462; x_wconf 88' lang='lat' dir='ltr'>bas</span> <span class='ocrx_word' id='word_1_185' title='bbox 1524 2416 1686 2490; x_wconf 86' lang='lat' dir='ltr'>opes</span> <span class='ocrx_word' id='word_1_186' title='bbox 1706 2393 2163 2491; x_wconf 84' lang='lat' dir='ltr'>prodigentem</span> <span class='ocrx_word' id='word_1_187' title='bbox 2183 2416 2300 2490; x_wconf 84' lang='lat' dir='ltr'>per</span> 
     </span>
     <span class='ocr_line' id='line_1_23' title="bbox 242 2489 2299 2592; baseline -0 -29"><span class='ocrx_word' id='word_1_188' title='bbox 242 2493 462 2592; x_wconf 79' lang='lat' dir='ltr'>pejora</span> <span class='ocrx_word' id='word_1_189' title='bbox 478 2489 715 2563; x_wconf 87' lang='lat' dir='ltr'>scelera</span> <span class='ocrx_word' id='word_1_190' title='bbox 735 2492 1117 2589; x_wconf 81' lang='lat' dir='ltr'>nequitiam.</span> <span class='ocrx_word' id='word_1_191' title='bbox 1139 2489 1419 2562; x_wconf 87' lang='lat' dir='ltr'>modesti</span> <span class='ocrx_word' id='word_1_192' title='bbox 1440 2490 1680 2565; x_wconf 84' lang='lat' dir='ltr'>doloris</span> <span class='ocrx_word' id='word_1_193' title='bbox 1700 2491 2081 2564; x_wconf 81' lang='lat' dir='ltr'>verecundia</span> <span class='ocrx_word' id='word_1_194' title='bbox 2098 2494 2299 2563; x_wconf 86' lang='lat' dir='ltr'>omit-</span> 
     </span>
     <span class='ocr_line' id='line_1_24' title="bbox 240 2584 2300 2683; baseline 0 -22"><span class='ocrx_word' id='word_1_195' title='bbox 240 2592 348 2661; x_wconf 88' lang='lat' dir='ltr'>tit.</span> <span class='ocrx_word' id='word_1_196' title='bbox 402 2591 612 2682; x_wconf 79' lang='lat' dir='ltr'>Cujus</span> <span class='ocrx_word' id='word_1_197' title='bbox 633 2611 851 2659; x_wconf 87' lang='lat' dir='ltr'>autem</span> <span class='ocrx_word' id='word_1_198' title='bbox 872 2590 1218 2660; x_wconf 81' lang='lat' dir='ltr'>dementiae</span> <span class='ocrx_word' id='word_1_199' title='bbox 1237 2609 1423 2683; x_wconf 85' lang='lat' dir='ltr'>putes</span> <span class='ocrx_word' id='word_1_200' title='bbox 1447 2645 1466 2672; x_wconf 91' lang='lat'><strong>,</strong></span> <span class='ocrx_word' id='word_1_201' title='bbox 1487 2615 1619 2663; x_wconf 90' lang='lat' dir='ltr'>non</span> <span class='ocrx_word' id='word_1_202' title='bbox 1639 2590 1841 2665; x_wconf 85' lang='lat' dir='ltr'>modo</span> <span class='ocrx_word' id='word_1_203' title='bbox 1857 2611 2185 2664; x_wconf 88' lang='lat' dir='ltr'>tantorum</span> <span class='ocrx_word' id='word_1_204' title='bbox 2207 2584 2300 2661; x_wconf 88' lang='lat' dir='ltr'>fa·</span> 
     </span>
     <span class='ocr_line' id='line_1_25' title="bbox 247 2684 2297 2790; baseline 0.001 -32"><span class='ocrx_word' id='word_1_205' title='bbox 247 2690 545 2758; x_wconf 79' lang='lat' dir='ltr'>tinorum</span> <span class='ocrx_word' id='word_1_206' title='bbox 573 2684 904 2758; x_wconf 85' lang='lat' dir='ltr'>audaciam</span> <span class='ocrx_word' id='word_1_207' title='bbox 921 2685 1156 2759; x_wconf 88' lang='lat' dir='ltr'>habere</span> <span class='ocrx_word' id='word_1_208' title='bbox 1176 2736 1201 2772; x_wconf 86' lang='lat'>‚</span> <span class='ocrx_word' id='word_1_209' title='bbox 1234 2684 1339 2758; x_wconf 89' lang='lat' dir='ltr'>sed</span> <span class='ocrx_word' id='word_1_210' title='bbox 1360 2696 1429 2760; x_wconf 74' lang='grc' dir='ltr'>δι</span> <span class='ocrx_word' id='word_1_211' title='bbox 1450 2686 1598 2789; x_wconf 65' lang='lat' dir='ltr'>sepe</span> <span class='ocrx_word' id='word_1_212' title='bbox 1620 2737 1642 2772; x_wconf 87' lang='lat'>‚</span> <span class='ocrx_word' id='word_1_213' title='bbox 1665 2712 1973 2789; x_wconf 89' lang='lat' dir='ltr'>quantum</span> <span class='ocrx_word' id='word_1_214' title='bbox 1991 2708 2297 2790; x_wconf 83' lang='lat' dir='ltr'>peccent.</span> 
     </span>
     <span class='ocr_line' id='line_1_26' title="bbox 248 2783 2305 2890; baseline 0.001 -32"><span class='ocrx_word' id='word_1_215' title='bbox 248 2783 598 2885; x_wconf 76' lang='lat' dir='ltr'>ignorare?</span> <span class='ocrx_word' id='word_1_216' title='bbox 637 2784 904 2859; x_wconf 88' lang='lat' dir='ltr'>Habent</span> <span class='ocrx_word' id='word_1_217' title='bbox 936 2788 1178 2886; x_wconf 76' lang='lat' dir='ltr'>quippe</span> <span class='ocrx_word' id='word_1_218' title='bbox 1217 2783 1603 2887; x_wconf 79' lang='lat' dir='ltr'>praescriptas</span> <span class='ocrx_word' id='word_1_219' title='bbox 1621 2791 1697 2863; x_wconf 91' lang='lat' dir='ltr'>ad</span> <span class='ocrx_word' id='word_1_220' title='bbox 1722 2794 1991 2865; x_wconf 89' lang='lat' dir='ltr'>Numen</span> <span class='ocrx_word' id='word_1_221' title='bbox 2015 2791 2125 2865; x_wconf 85' lang='lat' dir='ltr'>fibi</span> <span class='ocrx_word' id='word_1_222' title='bbox 2150 2814 2305 2890; x_wconf 81' lang='lat' dir='ltr'>pre·</span> 
     </span>
     <span class='ocr_line' id='line_1_27' title="bbox 249 2884 2301 2989; baseline 0.002 -31"><span class='ocrx_word' id='word_1_223' title='bbox 249 2910 391 2964; x_wconf 83' lang='lat' dir='ltr'>ces,</span> <span class='ocrx_word' id='word_1_224' title='bbox 409 2910 559 2984; x_wconf 89' lang='lat' dir='ltr'>quas</span> <span class='ocrx_word' id='word_1_225' title='bbox 577 2884 911 2958; x_wconf 87' lang='lat' dir='ltr'>effundant</span> <span class='ocrx_word' id='word_1_226' title='bbox 928 2888 996 2959; x_wconf 90' lang='lat' dir='ltr'>in</span> <span class='ocrx_word' id='word_1_227' title='bbox 1022 2884 1407 2987; x_wconf 81' lang='lat' dir='ltr'>quotidianae</span> <span class='ocrx_word' id='word_1_228' title='bbox 1427 2892 1682 2989; x_wconf 86' lang='lat' dir='ltr'>pietatis</span> <span class='ocrx_word' id='word_1_229' title='bbox 1695 2891 1983 2965; x_wconf 89' lang='lat' dir='ltr'>officium</span> <span class='ocrx_word' id='word_1_230' title='bbox 2001 2919 2025 2982; x_wconf 82' lang='lat'>3</span> <span class='ocrx_word' id='word_1_231' title='bbox 2056 2890 2301 2964; x_wconf 69' lang='lat' dir='ltr'>sanetas</span> 
     </span>
     <span class='ocr_line' id='line_1_28' title="bbox 248 2984 2298 3089; baseline 0.001 -31"><span class='ocrx_word' id='word_1_232' title='bbox 248 2984 365 3058; x_wconf 87' lang='lat' dir='ltr'>has</span> <span class='ocrx_word' id='word_1_233' title='bbox 382 2986 673 3085; x_wconf 86' lang='lat' dir='ltr'>quidem,</span> <span class='ocrx_word' id='word_1_234' title='bbox 694 3011 906 3087; x_wconf 90' lang='lat' dir='ltr'>neque</span> <span class='ocrx_word' id='word_1_235' title='bbox 924 2985 1051 3057; x_wconf 89' lang='lat' dir='ltr'>illis</span> <span class='ocrx_word' id='word_1_236' title='bbox 1070 2988 1464 3061; x_wconf 82' lang='lat' dir='ltr'>omittendas</span> <span class='ocrx_word' id='word_1_237' title='bbox 1488 3020 1510 3078; x_wconf 80' lang='lat'>3</span> <span class='ocrx_word' id='word_1_238' title='bbox 1561 2988 1672 3063; x_wconf 91' lang='lat' dir='ltr'>sed</span> <span class='ocrx_word' id='word_1_239' title='bbox 1691 2993 1949 3062; x_wconf 85' lang='lat' dir='ltr'>tantillo</span> <span class='ocrx_word' id='word_1_240' title='bbox 1967 2988 2167 3089; x_wconf 88' lang='lat' dir='ltr'>penso</span> <span class='ocrx_word' id='word_1_241' title='bbox 2182 2988 2298 3061; x_wconf 88' lang='lat' dir='ltr'>de-</span> 
     </span>
     <span class='ocr_line' id='line_1_29' title="bbox 247 3081 2300 3188; baseline 0.002 -31"><span class='ocrx_word' id='word_1_242' title='bbox 247 3081 455 3159; x_wconf 59' lang='lat' dir='ltr'>functi</span> <span class='ocrx_word' id='word_1_243' title='bbox 472 3145 494 3173; x_wconf 93' lang='lat'><em>,</em></span> <span class='ocrx_word' id='word_1_244' title='bbox 540 3086 809 3160; x_wconf 88' lang='lat' dir='ltr'>credunt</span> <span class='ocrx_word' id='word_1_245' title='bbox 836 3085 895 3160; x_wconf 92' lang='lat' dir='ltr'>se</span> <span class='ocrx_word' id='word_1_246' title='bbox 915 3084 1077 3159; x_wconf 86' lang='lat' dir='ltr'>nihil</span> <span class='ocrx_word' id='word_1_247' title='bbox 1097 3088 1421 3160; x_wconf 85' lang='lat' dir='ltr'>coelitibus</span> <span class='ocrx_word' id='word_1_248' title='bbox 1444 3087 1682 3161; x_wconf 91' lang='lat' dir='ltr'>debere</span> <span class='ocrx_word' id='word_1_249' title='bbox 1702 3137 1725 3172; x_wconf 88' lang='lat'><strong>‚</strong></span> <span class='ocrx_word' id='word_1_250' title='bbox 1758 3088 2041 3188; x_wconf 82' lang='lat' dir='ltr'>opesque</span> <span class='ocrx_word' id='word_1_251' title='bbox 2055 3088 2300 3161; x_wconf 85' lang='lat' dir='ltr'>suarum</span> 
     </span>
     <span class='ocr_line' id='line_1_30' title="bbox 252 3182 2304 3285; baseline 0.003 -30"><span class='ocrx_word' id='word_1_252' title='bbox 252 3182 592 3259; x_wconf 83' lang='lat' dir='ltr'>insularum</span> <span class='ocrx_word' id='word_1_253' title='bbox 614 3186 793 3261; x_wconf 88' lang='lat' dir='ltr'>bono</span> <span class='ocrx_word' id='word_1_254' title='bbox 811 3188 944 3282; x_wconf 80' lang='lat' dir='ltr'>jure</span> <span class='ocrx_word' id='word_1_255' title='bbox 960 3187 1074 3258; x_wconf 83' lang='lat' dir='ltr'>fibi</span> <span class='ocrx_word' id='word_1_256' title='bbox 1093 3210 1368 3285; x_wconf 87' lang='lat' dir='ltr'>emptas.</span> <span class='ocrx_word' id='word_1_257' title='bbox 1419 3194 1641 3261; x_wconf 81' lang='lat' dir='ltr'>Larvae</span> <span class='ocrx_word' id='word_1_258' title='bbox 1660 3190 1813 3270; x_wconf 74' lang='lat' dir='ltr'>illae,</span> <span class='ocrx_word' id='word_1_259' title='bbox 1838 3195 1905 3262; x_wconf 86' lang='lat'>&amp;</span> <span class='ocrx_word' id='word_1_260' title='bbox 1929 3187 2304 3261; x_wconf 83' lang='lat' dir='ltr'>vecordium</span> 
     </span>
     <span class='ocr_line' id='line_1_31' title="bbox 252 3280 2304 3385; baseline 0.002 -29"><span class='ocrx_word' id='word_1_261' title='bbox 252 3280 432 3356; x_wconf 83' lang='lat' dir='ltr'>furor</span> <span class='ocrx_word' id='word_1_262' title='bbox 454 3296 470 3355; x_wconf 74' lang='grc' dir='ltr'><strong>Ξ</strong></span> <span class='ocrx_word' id='word_1_263' title='bbox 492 3286 663 3383; x_wconf 91' lang='lat' dir='ltr'>quod</span> <span class='ocrx_word' id='word_1_264' title='bbox 682 3312 905 3359; x_wconf 86' lang='lat' dir='ltr'>munus</span> <span class='ocrx_word' id='word_1_265' title='bbox 927 3284 1170 3359; x_wconf 85' lang='lat' dir='ltr'>affiduo</span> <span class='ocrx_word' id='word_1_266' title='bbox 1190 3287 1408 3358; x_wconf 87' lang='lat' dir='ltr'>labore</span> <span class='ocrx_word' id='word_1_267' title='bbox 1432 3312 1601 3385; x_wconf 77' lang='lat' dir='ltr'>aegre</span> <span class='ocrx_word' id='word_1_268' title='bbox 1620 3285 1936 3383; x_wconf 84' lang='lat' dir='ltr'>perficias,</span> <span class='ocrx_word' id='word_1_269' title='bbox 1956 3286 2022 3358; x_wconf 91' lang='lat' dir='ltr'>id</span> <span class='ocrx_word' id='word_1_270' title='bbox 2043 3286 2304 3360; x_wconf 85' lang='lat' dir='ltr'>credere</span> 
     </span>
     <span class='ocr_line' id='line_1_32' title="bbox 247 3383 2305 3486; baseline 0.002 -31"><span class='ocrx_word' id='word_1_271' title='bbox 247 3384 388 3457; x_wconf 80' lang='lat' dir='ltr'>levi</span> <span class='ocrx_word' id='word_1_272' title='bbox 412 3389 478 3455; x_wconf 87' lang='lat'>&amp;</span> <span class='ocrx_word' id='word_1_273' title='bbox 506 3383 932 3481; x_wconf 70' lang='lat' dir='ltr'>perfun&amp;oria</span> <span class='ocrx_word' id='word_1_274' title='bbox 951 3410 1148 3486; x_wconf 84' lang='lat' dir='ltr'>opera</span> <span class='ocrx_word' id='word_1_275' title='bbox 1165 3387 1285 3459; x_wconf 83' lang='lat' dir='ltr'>rite</span> <span class='ocrx_word' id='word_1_276' title='bbox 1308 3384 1570 3457; x_wconf 83' lang='lat' dir='ltr'>absolvi.</span> <span class='ocrx_word' id='word_1_277' title='bbox 1598 3386 1801 3483; x_wconf 78' lang='lat' dir='ltr'>Quod</span> <span class='ocrx_word' id='word_1_278' title='bbox 1823 3387 1864 3459; x_wconf 76' lang='lat' dir='ltr'>sn</span> <span class='ocrx_word' id='word_1_279' title='bbox 1888 3385 2019 3459; x_wconf 86' lang='lat' dir='ltr'>suas</span> <span class='ocrx_word' id='word_1_280' title='bbox 2042 3386 2305 3461; x_wconf 87' lang='lat' dir='ltr'>delicias</span> 
     </span>
     <span class='ocr_line' id='line_1_33' title="bbox 143 3478 2306 3589; baseline 0.002 -34"><span class='ocrx_word' id='word_1_281' title='bbox 143 3564 148 3569; x_wconf 40' lang='grc'>,</span> <span class='ocrx_word' id='word_1_282' title='bbox 183 3492 188 3497; x_wconf 87' lang='grc'><strong><em>’</em></strong></span> <span class='ocrx_word' id='word_1_283' title='bbox 249 3480 376 3555; x_wconf 86' lang='lat' dir='ltr'>hac</span> <span class='ocrx_word' id='word_1_284' title='bbox 395 3480 799 3564; x_wconf 82' lang='lat' dir='ltr'>saluberrima</span> <span class='ocrx_word' id='word_1_285' title='bbox 820 3486 1214 3586; x_wconf 85' lang='lat' dir='ltr'>cogitatione</span> <span class='ocrx_word' id='word_1_286' title='bbox 1239 3483 1732 3584; x_wconf 87' lang='lat' dir='ltr'>distinguerent,</span> <span class='ocrx_word' id='word_1_287' title='bbox 1744 3483 1806 3557; x_wconf 84' lang='lat' dir='ltr'>se</span> <span class='ocrx_word' id='word_1_288' title='bbox 1825 3487 1893 3557; x_wconf 90' lang='lat' dir='ltr'>in</span> <span class='ocrx_word' id='word_1_289' title='bbox 1917 3478 2163 3587; x_wconf 83' lang='lat' dir='ltr'>specula</span> <span class='ocrx_word' id='word_1_290' title='bbox 2182 3515 2306 3589; x_wconf 85' lang='lat' dir='ltr'>po-</span> 
     </span>
     <span class='ocr_line' id='line_1_34' title="bbox 248 3581 2309 3687; baseline 0.003 -31"><span class='ocrx_word' id='word_1_291' title='bbox 248 3583 438 3665; x_wconf 81' lang='lat' dir='ltr'>sitos,</span> <span class='ocrx_word' id='word_1_292' title='bbox 470 3581 729 3681; x_wconf 90' lang='lat' dir='ltr'>dicique</span> <span class='ocrx_word' id='word_1_293' title='bbox 746 3582 1030 3680; x_wconf 85' lang='lat' dir='ltr'>pastores</span> <span class='ocrx_word' id='word_1_294' title='bbox 1050 3617 1078 3678; x_wconf 74' lang='lat'>⁶&gt;</span> <span class='ocrx_word' id='word_1_295' title='bbox 1127 3584 1171 3657; x_wconf 83' lang='lat' dir='ltr'><strong>fi</strong></span> <span class='ocrx_word' id='word_1_296' title='bbox 1207 3610 1348 3684; x_wconf 73' lang='lat' dir='ltr'>quat</span> <span class='ocrx_word' id='word_1_297' title='bbox 1387 3585 1607 3656; x_wconf 85' lang='lat' dir='ltr'>ovium</span> <span class='ocrx_word' id='word_1_298' title='bbox 1642 3582 1744 3657; x_wconf 89' lang='lat' dir='ltr'>sua</span> <span class='ocrx_word' id='word_1_299' title='bbox 1776 3586 2031 3685; x_wconf 85' lang='lat' dir='ltr'>ignavia</span> <span class='ocrx_word' id='word_1_300' title='bbox 2061 3590 2126 3660; x_wconf 92' lang='lat' dir='ltr'>in</span> <span class='ocrx_word' id='word_1_301' title='bbox 2144 3616 2309 3687; x_wconf 82' lang='lat' dir='ltr'>prae-</span> 
     </span>
     <span class='ocr_line' id='line_1_35' title="bbox 250 3681 2307 3783; baseline 0.004 -28"><span class='ocrx_word' id='word_1_302' title='bbox 250 3683 408 3756; x_wconf 88' lang='lat' dir='ltr'>dam</span> <span class='ocrx_word' id='word_1_303' title='bbox 429 3681 882 3770; x_wconf 81' lang='lat' dir='ltr'>concefferint‚</span> <span class='ocrx_word' id='word_1_304' title='bbox 901 3684 969 3755; x_wconf 87' lang='lat' dir='ltr'>in</span> <span class='ocrx_word' id='word_1_305' title='bbox 991 3708 1346 3759; x_wconf 85' lang='lat' dir='ltr'>extremam</span> <span class='ocrx_word' id='word_1_306' title='bbox 1371 3684 1458 3755; x_wconf 87' lang='lat' dir='ltr'>sui</span> <span class='ocrx_word' id='word_1_307' title='bbox 1476 3685 1830 3783; x_wconf 82' lang='lat' dir='ltr'>perniciem</span> <span class='ocrx_word' id='word_1_308' title='bbox 1856 3686 1979 3760; x_wconf 88' lang='lat' dir='ltr'>hoc</span> <span class='ocrx_word' id='word_1_309' title='bbox 2002 3684 2307 3776; x_wconf 79' lang='lat' dir='ltr'>futurum3</span> 
     </span>
     <span class='ocr_line' id='line_1_36' title="bbox 247 3778 2310 3886; baseline 0 -30"><span class='ocrx_word' id='word_1_310' title='bbox 247 3778 514 3856; x_wconf 83' lang='lat' dir='ltr'>fortaffe</span> <span class='ocrx_word' id='word_1_311' title='bbox 554 3781 877 3855; x_wconf 87' lang='lat' dir='ltr'>interdum</span> <span class='ocrx_word' id='word_1_312' title='bbox 900 3783 1300 3862; x_wconf 82' lang='lat' dir='ltr'>devoverent</span> <span class='ocrx_word' id='word_1_313' title='bbox 1318 3785 1495 3859; x_wconf 83' lang='lat' dir='ltr'>illam</span> <span class='ocrx_word' id='word_1_314' title='bbox 1513 3779 1714 3885; x_wconf 85' lang='lat' dir='ltr'>ipsam</span> <span class='ocrx_word' id='word_1_315' title='bbox 1732 3809 1855 3886; x_wconf 78' lang='lat' dir='ltr'>qua</span> <span class='ocrx_word' id='word_1_316' title='bbox 1878 3789 2167 3861; x_wconf 81' lang='lat' dir='ltr'>exultant</span> <span class='ocrx_word' id='word_1_317' title='bbox 2181 3789 2310 3859; x_wconf 86' lang='lat' dir='ltr'>ocii</span> 
     </span>
     <span class='ocr_line' id='line_1_37' title="bbox 259 3879 2341 3986; baseline -0 -28"><span class='ocrx_word' id='word_1_318' title='bbox 259 3879 669 3986; x_wconf 81' lang='lat' dir='ltr'>lasciviaeque</span> <span class='ocrx_word' id='word_1_319' title='bbox 687 3882 1042 3959; x_wconf 84' lang='lat' dir='ltr'>licentiam.</span> <span class='ocrx_word' id='word_1_320' title='bbox 2187 3881 2317 3957; x_wconf 84' lang='lat' dir='ltr'>Sed</span> <span class='ocrx_word' id='word_1_321' title='bbox 2338 3966 2341 3971; x_wconf 46' lang='grc'>,</span> 
     </span>
    </p>
   </div>
  </div>
 </body>
</html>
