2738 4475
874 295 1628 366 Panslv.
2133 322 2276 396 525

247 413 464 513 perbia
482 412 689 487 vultus
704 407 952 484 servant
978 439 996 483 t
1053 412 1233 512 digni
1253 412 1317 483 hi
1335 413 1596 509 quidem
1618 410 1842 500 laude3
1896 409 2003 486 sed
2026 440 2142 490 nec
2162 446 2286 495 cae-

225 516 367 585 -teri
386 511 714 584 accusandi
734 570 753 597 ,
795 513 907 610 qui
929 539 1138 585 mores
1159 538 1236 583 ex
1260 514 1576 608 dignitate
1595 510 1926 583 instituunt
1947 561 1968 596 ‚
1995 523 2058 588 &
2085 514 2286 591 fortu-

242 639 341 685 nae
366 610 484 685 suae
507 611 840 683 accedunt.
907 615 1177 711 Qippe
1198 611 1535 682 necessaria
1559 636 1812 710 quoque
1838 613 2164 689 interdum
2189 618 2287 690 est

239 712 528 783 sublimis
551 711 685 783 haec
705 711 993 802 majestas
1014 759 1036 793 ‚
1081 722 1144 786 δι
1173 710 1254 781 de
1278 712 1501 808 populi
1521 712 1914 783 commercio
1935 717 2288 800 excedens,

232 813 306 883 in
328 814 453 883 illis
472 812 685 909 utique
709 809 1076 882 hominibus
1101 836 1212 909 per
1230 835 1392 908 quos
1417 814 1637 907 Reges
1657 812 1968 908 praecipua
2004 813 2125 888 suae
2161 845 2282 917 po-

237 910 490 983 testatis
514 932 836 982 momenta
854 932 1290 1008 exequuntur:
1328 934 1475 980 cum
1496 910 1774 979 maxime
1790 909 1925 981 haec
1947 914 2152 988 aditus
2174 921 2280 989 10-

290 1011 608 1107 uendique
624 1009 956 1082 ambitiosa
973 1010 1312 1084 difficultas
1335 1006 1758 1081 reverentiam
1780 1014 2084 1086 conciliet
2105 1075 2127 1102 ,
2150 1042 2283 1118 quo

239 1038 423 1181 preno
442 1110 822 1182 cohibentur
838 1113 1015 1210 vulgi
1034 1110 1232 1181 animi
1253 1158 1277 1194 ,
1311 1130 1416 1179 aut
1459 1109 1693 1179 timere
1729 1106 1940 1183 assueti
1981 1137 2082 1185 aut
2101 1113 2277 1214 spel-2·

233 1234 412 1281 nere.
455 1210 612 1284 'Sed
648 1220 714 1285 &
753 1211 865 1282 illa
898 1209 1129 1283 stricta:
1175 1204 1404 1280 frontis
1425 1205 1766 1304 asperita3,'
1804 1206 1928 1282 five
1949 1206 2138 1287 fastus
2157 1218 2274 1305 est,

233 1308 359 1380 five
377 1307 556 1401 justae
576 1313 883 1407 potentiae
899 1310 1255 1394 indicium,
1293 1307 1617 1404 indulgeri
1652 1303 1956 1381 facillime
1994 1315 2118 1385 illis
2155 1342 2280 1415 po-

234 1406 359 1480 test
377 1460 398 1491 ,
430 1412 544 1509 qui
577 1412 642 1480 in
661 1431 762 1481 tot
788 1435 1075 1480 curarum
1097 1406 1432 1504 praemium
1454 1403 1579 1475 hoc
1601 1404 1861 1479 honoris
1882 1414 2280 1507 potiffimum

230 1531 303 1579 ac
323 1511 701 1581 reverentiae
723 1506 1051 1604 specimen
1077 1505 1336 1577 habent.
1395 1509 1609 1575 Etiam
1639 1533 1938 1605 perpetua
1970 1518 2276 1614 negotio-

229 1633 370 1678 rum
394 1604 554 1677 serie
571 1613 636 1678 &
658 1603 916 1677 fastidio
936 1606 1299 1689 attriti,non
1319 1607 1533 1700 utique
1557 1607 1800 1704 possunt
1826 1611 2085 1686 eosdem
2108 1611 2273 1689 sem·-

231 1729 351 1804 per
368 1706 581 1774 vultus
604 1754 627 1790 ,
646 1706 738 1776 nil
769 1723 1009 1779 mutata
1030 1723 1131 1775 aut
1150 1703 1380 1778 afflista
1407 1706 1742 1780 serenitate
1762 1760 1780 1790 ‚
1818 1710 2135 1786 obtinere.

339 1802 519 1896 Qid
538 1802 580 1874 fi
597 1807 703 1876 illa
725 1805 1016 1902 potentia
1035 1854 1058 1891 ,
1098 1801 1404 1902 simulque
1424 1808 1683 1898 juvandi
1706 1833 1776 1879 ae
1799 1808 2060 1884 fallendi
2077 1811 2280 1885 soler-5

227 1903 318 1973 tia
340 1951 364 1986 ,
416 1905 736 2001 inimpias
759 1903 1371 1988 mentesinciderit,
1407 1928 1521 1990 ac,
1562 1906 1713 1978 dum
1749 1907 1812 1981 se
1830 1904 2057 2008 suaque
2075 1906 2187 1984 res
2220 1913 2273 1984 i-

228 2003 405 2073 ciunt
425 2058 445 2086 ,
488 2002 757 2099 publicae
781 2004 1041 2074 interim
1063 2001 1274 2074 salutis
1296 2002 1528 2074 oblitas
1548 2010 1580 2074 ἓ
1621 2030 1774 2078 tunc
1793 2056 1816 2094 ,
1856 2008 2012 2081 licet
2047 2011 2115 2083 in
2151 1939 2275 2083 [llis
2385 2092 2389 2095 ,

227 2098 496 2200 flagitiis
520 2102 823 2174 virtutem
845 2098 1250 2173 solertiffime
1267 2100 1647 2177 adumbrent
1666 2156 1689 2186 ,
1722 2127 2027 2206 tanquam
2047 2112 2138 2182 rei
2155 2110 2278 2183 do·-

229 2200 508 2275 mesticae
531 2202 975 2302 negligentes,
1024 2208 1093 2274 &
1134 2226 1328 2273 unum
1348 2202 1714 2302 Principem
1737 2256 1760 2292 ,
1798 2229 2064 2309 remque
2080 2233 2268 2284 com-

226 2325 489 2373 munem
512 2349 533 2382 ,
573 2301 903 2373 videantur
921 2299 1272 2398 respicere:
1326 2304 1590 2374 interim
1629 2327 1840 2379 autem
1874 2312 2149 2409 negocia
2180 2337 2265 2384 eo

225 2398 495 2472 flectant
515 2447 537 2481 ‚
579 2401 747 2472 unde
788 2398 1187 2499 potiffimum
1209 2399 1326 2473 suae
1348 2401 1649 2501 dignitati
1666 2407 2136 2481 incrementum
2157 2433 2264 2480 aut

223 2501 631 2584 incolumitas
651 2499 969 2573 allucebit.
1029 2502 1097 2574 si
1129 2499 1462 2596 impeditis
1500 2504 1823 2600 Principis
1858 2506 2039 2576 rebus
2062 2509 2266 2601 pluri-

220 2625 402 2671 mum
424 2597 698 2700 poss‘unt:
730 2599 882 2671 dum
903 2623 1008 2672 eas
1027 2600 1206 2670 omni
1229 2600 1567 2699 diligentia
1588 2600 1887 2672 videntur
1903 2603 2266 2690 exsolvere,

226 2703 411 2769 novis
429 2698 614 2770 nodis
635 2697 1070 2798 colligabant,
1127 2708 1195 2772 δι
1234 2700 1432 2770 veluti
1468 2696 1779 2796 superfusa
1815 2703 2092 2802 caligine
2134 2702 2263 2776 im·

227 2797 390 2870 buen
400 2820 448 2869 t.
506 2799 705 2890 Qod
731 2798 775 2870 fi
802 2802 866 2868 in
886 2796 1134 2897 placida
1153 2818 1476 2896 utcunque
1492 2799 1852 2898 Republica
1870 2800 2140 2875 securius
2164 2829 2265 2876 re-

216 2920 422 2998 gnant
442 2949 463 2984 ,
483 2919 635 2970 tunc
654 2899 848 2969 ctiam
866 2896 1213 2969 necefl‘ario
1239 2896 1495 2970 oderint
1521 2923 1735 2971 motus
1754 2959 1776 2986 ,
1817 2899 2149 3004 finentque
2169 2903 2259 2974 sui

214 2999 529 3096 temporis
553 3022 777 3096 pacem
797 2999 865 3069 in
881 2999 1139 3069 occulta
1158 2998 1471 3072 malorum
1489 2997 1728 3072 semina
1747 3001 2106 3074 adolescere
2128 3050 2150 3085 ‚
2184 3010 2256 3076 δε

218 3094 757 3191 nepotesfortaffe
779 3098 1124 3197 perditura.
1180 3101 1346 3188 Quae
1381 3100 1657 3197 denique
1693 3104 1916 3201 Reges
1942 3100 2255 3199 suffragiis

221 3196 303 3264 ad
322 3192 633 3297 sceptrum
656 3221 920 3269 vocatos
941 3244 963 3278 ‚
988 3198 1106 3268 hos
1127 3223 1384 3295 quoque
1408 3201 1786 3295 Optimates
1811 3248 1835 3283 ,
1870 3200 2251 3296 cupiditates

222 3313 582 3389 torquent‘t'
618 3293 817 3379 subita
855 3300 1153 3398 utrinque
1184 3298 1473 3396 potentia
1495 3344 1517 3378 ‚
1555 3321 1675 3367 nec
1717 3320 1783 3368 ut
1821 3301 2163 3397 plurimum
2185 3300 2254 3374 in

220 3389 513 3464 sobolem
548 3393 890 3464 transitura.
1191 3478 1194 3479 ⁷

222 3534 229 3541 ·
319 3493 494 3573 Quis
509 3493 828 3590 eos-igitur
846 3518 976 3564 non
997 3496 1260 3577 miretur
1283 3551 1300 3577 ,
1335 3495 1530 3590 quiin
1553 3492 1669 3566 hac
1691 3495 1998 3569 immensa
2016 3521 2251 3598 poten-

216 3592 306 3664 tia
327 3605 461 3666 tam
488 3587 671 3661 facile
691 3611 994 3690 tantoque
1018 3596 1280 3691 praemio
1302 3644 1326 3677 ‚
1363 3592 1407 3666 fi
1435 3596 1673 3665 vellent
1690 3642 1712 3676 ,
1754 3601 2109 3693 peccaturi,
2148 3624 2251 3672 te-

215 3689 736 3791 netevestigium
756 3713 967 3761 tamen
987 3695 1235 3788 polsunt
1257 3740 1277 3772 ‚
1306 3697 1624 3792 rectaeque
1647 3699 1894 3767 virtutis
1919 3702 2233 3775 meminis
2225 3742 2251 3756 -

209 3788 270 3866 se
296 3795 331 3866 Β
360 3795 578 3898 quale}
618 3793 681 3865 in
716 3793 968 3892 generis
1007 3790 1264 3867 humani
1286 3791 1620 3868 subsidium
1645 3797 2083 3899 aliquotomni
2105 3828 2248 3874 aevo

2161 3899 2240 3973 ad
