2738 4475
403 206 548 281 216
908 196 1973 279 Eueuonusssarrntoi

406 354 546 407 non
582 323 832 427 poffum
864 327 1112 402 erudita
1138 327 1255 402 nisi
1285 326 1498 402 doffis
1518 327 1962 425 complexibus
1982 326 2283 402 dele&ari
2303 377 2328 412 ‚
2368 337 2451 405 δε

408 427 737 529 potentias
755 429 1102 528 plurimum
1122 452 1292 501 amo.
1342 429 1413 502 Si
1431 453 1569 499 cras
1591 425 1921 501 descendis
1940 429 2016 501 ad
2036 434 2330 502 Fortunae
2353 426 2457 501 fa·-

412 553 571 602 num
593 573 616 609 ‚
650 527 742 599 ibi
777 550 843 599 te
862 524 1031 617 sorte
1049 529 1324 601 amicum
1344 553 1586 601 numen
1605 529 1913 604 inveniet.
1942 531 2129 603 Vale.
2158 531 2450 627 ‘Perple-

413 653 533 700 xus
580 624 1051 727 significatione
1069 652 1202 703 tam
1229 625 1471 700 confufi
1493 628 1729 701 amoris
1752 684 1772 712 ,
1809 624 2097 701 sevocavi
2127 629 2455 716 ancillam,

406 724 681 826 juffique
698 723 744 797 ss
761 725 840 799 ad
860 748 1220 802 matronam
1241 728 1479 800 rediret
1493 786 1516 814 ,
1555 729 1776 800 omnia
1805 729 2065 827 quidem
2087 722 2311 830 quae‘in
2331 753 2450 826 po-

413 826 647 899 testate
675 822 876 900 essent
913 829 1372 926 polliceretur-3
1404 823 1513 899 sed
1547 828 1591 900 sn
1627 828 1865 927 aliquid
1903 825 2069 900 forte
2089 852 2456 928 peccarem,

415 947 599 998 certe
619 952 754 1000 non
771 926 1138 1000 irasceretur
1158 926 1320 1001 mihi
1336 972 1358 1008 ‚
1394 925 1434 996 s
1421 926 1502 999 ed
1524 926 1880 1027 ignosceret
1898 929 2107 1027 potius
2138 925 2458 1027 epistolae,

419 1051 566 1128 quae
590 1025 752 1098 nihil
773 1051 882 1100 me
902 1027 1068 1100 aliud
1093 1026 1365 1100 docebat
1385 1071 1406 1105 ‚
1432 1051 1624 1124 quam
1644 1025 1953 1099 dubitare.

525 1125 804 1199 Dimissa
852 1129 1158 1211 muliere,
1200 1152 1346 1201 cum
1365 1125 1494 1219 jam
1525 1122 1636 1224 spe
1665 1126 1916 1198 crastini
1937 1126 2217 1226 pacatius
2237 1130 2467 1198 Doro·
2496 1200 2497 1205 ,

422 1225 563 1299 mifi
586 1223 1185 1310 saevitiamferrem‚
1223 1250 1502 1325 quaerere
1540 1227 1756 1323 coepi,
1799 1250 1953 1297 num
1972 1224 2461 1325 Theophrastus
2498 1302 2505 1307 ,

423 1318 580 1400 foris
604 1319 977 1421 promisisset
997 1324 1076 1397 ad
1099 1344 1363 1398 coenam
1388 1358 1412 1419 ·‚
1444 1334 1509 1399 δι
1532 1325 1801 1397 dulciori
1824 1323 2081 1409 tristitia
2099 1329 2295 1398 etiam
2319 1324 2469 1395 soli-

427 1421 724 1497 tudinem
763 1425 829 1494 in
863 1421 1157 1499 solatium
1238 1424 1494 1498 etebam
1522 1471 1545 1507 ‚
1575 1449 1723 1498 cum
1742 1424 1804 1496 se
1821 1423 2283 1524 mihiJulianus
2318 1425 2463 1496 dul-

425 1519 686 1593 ciffimo
719 1526 1025 1622 amplexu
1047 1548 1174 1596 eon
1246 1525 1341 1597 dit
1382 1573 1407 1610 ,
1463 1525 1573 1624 qui
1612 1526 1697 1596 'in
1735 1524 2176 1624 Theophrasti
2227 1521 2466 1600 familia

428 1622 735 1720 princeps
754 1669 778 1705 ‚
818 1626 1178 1724 arbiter-que
1196 1621 1575 1698 secretorum
1599 1683 1620 1711 ,
1662 1650 1770 1697 me
1790 1625 1868 1698 ad
1890 1624 2314 1699 Doromisum
2338 1649 2471 1695 non

425 1721 844 1818 ignoraverat
864 1727 978 1799 ire.
1035 1729 1127 1800 Et
1147 1731 1168 1806 3
1192 1728 1264 1800 Ο
1287 1745 1394 1808 te,
1414 1724 1662 1821 inquit,
1686 1720 1944 1797 felicem
1965 1773 1986 1806 ‚
2013 1725 2057 1797 fi
2076 1721 2473 1797 ¹Doromisus

428 1816 471 1899 s
509 1848 576 1894 es
610 1822 911 1923 ingentes
955 1824 1286 1923 praecidit‚
1327 1828 1395 1895 δι
1418 1823 1767 1891 vanitatem
1798 1843 1972 1893 tuam
2005 1822 2224 1892 saloem
2260 1820 2475 1895 subito

460 1945 605 1992 oras
643 1924 925 1997 exclusit.
976 1919 1350 1995 Sciscitabar
1391 1943 1519 2014 ego
1534 1913 1764 1985 fastidii
1787 1916 2069 1996 causam,
2126 1923 2191 1987 δι
2215 1941 2326 1986 cur
2346 1919 2473 1988 bu-

427 2044 756 2092 manarum
775 2044 985 2090 rerum
1006 2017 1278 2087 culmina
1299 2035 1473 2082 tanta
1492 2014 1896 2084 contumacia
1913 2014 2266 2092 damnaret,
2288 2016 2466 2111 quia,

425 2115 683 2211 inquit,
738 2122 805 2188 &
842 2113 973 2209 ipse
1025 2109 1545 2206 Theophrastus,
1578 2130 1922 2209 antequam
1962 2110 2464 2186 Poimenarchus

420 2210 769 2290 evaderet,
823 2235 988 2282 nunc
1030 2209 1427 2310 magnatibus
1466 2208 1735 2295 charus,
1785 2236 1953 2283 nunc
1974 2209 2107 2312 ipsa
2126 2213 2330 2313 gratia
2350 2236 2469 2308 pe-

419 2309 637 2380 riculis
651 2308 904 2382 oblatus
920 2368 943 2396 ,
999 2311 1458 2383 documentum
1476 2307 1636 2381 mihi
1654 2306 1774 2382 fuit
1791 2367 1811 2395 ‚
1865 2338 2055 2412 quam
2079 2312 2153 2385 fit
2173 2311 2472 2396 difficile,

421 2427 558 2484 tam
592 2409 941 2505 levigatum
974 2411 1096 2484 iter
1136 2410 1263 2481 fine
1296 2407 1439 2481 casu
1468 2431 1701 2481 terere.
1753 2414 1845 2486 Et
1865 2409 1997 2510 ipse
2016 2414 2176 2484 olim
2196 2410 2465 2484 fortunat

421 2508 583 2580 ludo
600 2507 882 2582 versatus
903 2555 926 2591 ,
977 2511 1104 2602 jam
1126 2529 1508 2607 contemptu
1528 2510 1811 2580 vindicat
1831 2509 2145 2587 miseriam
2167 2508 2331 2582 suam
2349 2557 2372 2592 ,
2393 2519 2464 2584 &

425 2608 569 2682 aliis
607 2607 687 2679 de
724 2610 945 2681 littore
974 2607 1505 2684 saxumostendit.
1556 2609 1685 2681 Sed
1717 2613 1996 2683 maxime
2016 2612 2277 2712 quidem
2303 2617 2473 2683 Leu-

428 2732 654 2783 comus
672 2707 788 2779 tibi
810 2709 875 2780 in
900 2708 1198 2807 Delphio
1215 2706 1455 2779 vetusta
1475 2708 1759 2780 amicitia
1781 2712 2470 2808 conjunfiusmptima-

429 2824 571 2877 tum
607 2801 1040 2879 familiaritate
1079 2833 1264 2906 paene
1300 2809 1531 2905 periit,
1618 2810 1678 2879 ui
1715 2833 2097 2908 contempto
2114 2812 2329 2883 littore
2350 2813 2475 2882 ali-

482 2906 805 2979 uantulum
824 2906 891 2977 in
909 2909 1106 2977 altum
1127 2909 1389 2978 ενεᾶιις
1408 2903 1502 2976 est
1520 2954 1543 2990 .
1607 2906 1687 2979 ed
1706 2915 1772 2980 δι
1797 2904 2123 3008 naufragio
2146 2909 2468 3007 proximus

428 2931 586 3090 alit,
648 3012 715 3078 &
758 3006 1033 3076 tabulam
1069 3003 1156 3077 sui
1195 3005 1333 3075 voti
1367 3005 1644 3095 judicem
1679 3006 1803 3078 diis
1837 3011 2108 3105 equoris
2147 3007 2469 3106 persolvit.

431 3106 633 3177 Tunc
668 3113 736 3201 &
757 3129 885 3205 ego
907 3131 1038 3177 non
1059 3104 1374 3176 mediocri
1391 3102 1511 3174 risu
1530 3106 1876 3182 amicitiam
1899 3106 2179 3180 nostram
2197 3106 2469 3193 laudavi,

428 3205 607 3300 quod
639 3205 811 3277 inter
844 3229 957 3276 eos
994 3204 1327 3290 coivisset,
1382 3202 1605 3302 quibus
1644 3208 1924 3276 Fortuna
1954 3202 2238 3299 ejusdem
2282 3205 2472 3280 studii

426 3326 718 3374 amorem
733 3300 1044 3379 faciebat:
1098 3305 1448 3402 rogavique
1469 3325 1534 3372 ut
1553 3301 1734 3375 fufius
1753 3327 2140 3400 exponeret,
2196 3332 2474 3405 quomo-

429 3401 520 3472 do
561 3425 930 3500 magnatum
968 3401 1185 3477 favore
1209 3407 1566 3474 Leucomus
1586 3427 1762 3501 paene
1781 3402 1847 3473 in
1868 3405 2111 3479 ruinam
2133 3403 2468 3482 incidisset.
2582 3407 2588 3418 ’

428 3503 522 3582 Et
544 3500 690 3573 ille:
747 3504 889 3574 Scis
911 3555 930 3586 ,
969 3504 1181 3602 inquit
1204 3552 1224 3584 ,
1254 3501 1395 3598 quis
1416 3499 1600 3572 fuerit
1637 3503 2091 3600 Geragathus?
2128 3507 2477 3606 integerri-

432 3625 558 3676 mae
580 3594 762 3678 famae
779 3624 915 3674 erat
930 3649 952 3683 ,
991 3610 1057 3678 δι
1079 3606 1144 3673 in
1163 3626 1244 3673 eo
1266 3603 1611 3672 Fortunam
1630 3602 1961 3675 invenerat
1981 3605 2201 3679 virtus.
2256 3607 2468 3695 Hujus

431 3695 595 3778 filius
617 3704 978 3778 Leucomus
998 3703 1157 3778 olim
1179 3697 1578 3778 familiariter
1594 3697 1733 3780 usus
1750 3699 1869 3778 est·
1924 3711 1992 3781 δι
2014 3708 2155 3805 quis
2172 3731 2302 3782 non
2323 3701 2460 3877 sffe-

1989 3838 1992 3842 ’
2272 3827 2335 3872 ta
2385 3821 2453 3877 et
