2738 4475
541 276 676 376 388
1011 267 2080 350 §turmamsnrnxct

539 397 707 467 adeo
738 416 808 467 ut
842 396 1093 492 optima
1128 419 1268 493 pars
1292 388 1473 489 regni
1506 385 1974 488 fundorumque
2011 390 2160 462 huic
2182 390 2403 488 pietati
2424 422 2591 473 con-

543 493 790 567 cess'erit
807 542 828 575 ‚
870 496 1061 565 nimis
1084 493 1319 564 timido
1338 501 1402 565 δι
1419 486 1773 588 periculoso
1790 511 1956 559 voto
1977 536 2000 570 ,
2038 511 2168 562 tam
2188 494 2444 568 illorum
2466 499 2583 597 qui

539 595 796 673 dabant,
813 617 1009 690 quam
1034 589 1257 662 eornin
1277 590 1500 689 quibus
1524 589 1658 660 haec
1678 586 1808 686 ipsa
1827 589 2340 663 concedebantur
2361 624 2384 681 3
2422 621 2575 672 cum

528 692 630 768 ,ini
652 691 1112 787 rempublicam
1132 691 1557 772 exhaurirent,
1570 686 1673 760 isti
1689 707 1898 759 autem
1917 689 1983 758 in
2002 689 2210 763 luxum
2229 688 2289 762 se
2308 695 2417 791 agi
2433 717 2575 775 tan-7

531 811 614 860 tae
634 786 900 860 fortunat
920 791 1081 862 vitio
1098 789 1410 869 sinerent,
1449 814 1601 859 mox
1636 788 1702 856 in
1733 786 2036 857 invidiam
2077 787 2286 861 secum
2314 818 2572 893 quoque

457 940 468 955 .
531 884 698 959 sacra
715 890 992 960 ttaffturi.
1074 891 1161 962 Et
1184 886 1347 960 hanc
1367 887 1630 985 quidem
1648 886 1905 956 colendi
1929 889 2244 960 Numinis
2263 895 2572 966 rationem

529 989 658 1082 jam
685 989 924 1088 Anglia
946 985 1194 1087 publice
1208 986 1475 1080 ejuravit
1491 1032 1512 1067 ,
1545 987 1743 1056 multi
1765 1006 1975 1058 autem
1995 984 2078 1056 fic
2099 988 2169 1057 in
2189 993 2573 1065 contrarium

530 1085 855 1159 divertere
875 1135 898 1169 ,
930 1108 998 1159 ut
1018 1132 1042 1168 ‚
1085 1112 1216 1184 quo
1248 1086 1502 1185 longius
1541 1083 1573 1153 a
1614 1082 1901 1184 vestigiis
1923 1105 2168 1184 patrum
2189 1086 2414 1159 absunt
2438 1138 2465 1174 ,
2491 1116 2572 1168 eo

526 1184 592 1256 se
613 1187 945 1283 propiores
967 1189 1149 1258 coelo
1169 1183 1450 1257 credant.
1512 1185 1661 1257 Nec
1685 1183 1750 1254 id
1768 1206 1986 1256 tamen
2003 1184 2251 1284 publico
2265 1187 2566 1270 confilio,

526 1305 632 1354 aut
655 1274 699 1355 si
717 1284 1115 1383 deprehendi
1154 1283 1502 1384 contigerit
1520 1328 1541 1363 ‚
1581 1282 1791 1379 palam
1827 1285 2063 1368 inult0‚
2103 1280 2201 1356 sed
2236 1284 2422 1355 elusis
2448 1313 2565 1386 per

525 1385 804 1482 privatas
845 1383 1322 1482 superstitiones
1362 1383 1623 1474 animis,
1659 1405 2022 1482 novamque
2040 1429 2060 1461 ,
2115 1407 2182 1454 ac
2206 1389 2560 1481 propriam,

529 1487 597 1552 δι
623 1508 734 1580 per
752 1483 876 1554 hoc
903 1482 1014 1554 fibi
1027 1486 1379 1584 gratiorem
1400 1484 1705 1581 pietatem
1728 1477 2139 1581 fingentibus.
2155 1488 2368 1582 ltaque
2385 1509 2553 1584 quos

531 1579 673 1654 haec
695 1584 870 1682 cepit
892 1582 1148 1682 superba
1166 1581 1439 1655 suavitas
1461 1603 1687 1682 praeter
1704 1604 1973 1653 caeteros
1993 1580 2264 1681 sapiendi
2286 1589 2336 1666 ,¹
2357 1584 2428 1654 in
2445 1608 2562 1652 va-

523 1681 619 1751 ria
653 1685 919 1756 nomina
967 1683 1297 1766 abierunt,
1333 1680 1632 1781 legesque
1678 1676 1990 1766 diversas,
2031 1699 2164 1755 non
2199 1680 2325 1782 ipsa
2350 1680 2574 1754 homi-

526 1805 684 1852 num
724 1783 1109 1856 authoritate
1141 1808 1243 1854 aut
1274 1805 1577 1860 numero,
1616 1775 1721 1849 sed
1762 1780 2123 1880 pertinacia
2155 1779 2454 1854 sancitas:
2508 1787 2575 1855 &

529 1882 705 1979 quod
729 1882 1065 1955 miserabili
1086 1880 1204 1953 risu
1222 1871 1865 1979 digniffimumputes
1883 1928 1905 1960 ‚
1951 1880 2316 1954 crudelibus
2348 1880 2574 1954 edistis

527 1981 657 2052 illae
676 1978 861 2053 sestae
881 1983 1153 2051 invicem
1176 1976 1474 2047 saeviunt:
1514 1996 1670 2040 unos
1692 1971 1753 2040 se
1772 1974 2146 2050 coelestium
2165 2007 2371 2054 rerum
2434 1979 2584 2054 arti-

524 2079 741 2168 cipes,
779 2097 1029 2145 exortes
1069 2092 1330 2139 caeteros
1366 2092 1594 2134 omnes
1631 2066 1775 2136 effe.
1846 2072 1900 2135 F
1900 2091 2048 2140 orte
2069 2077 2138 2143 in
2157 2104 2354 2152 unam
2372 2007 2586 2174 [Sper—

515 2170 848 2237 stitionem
869 2160 1259 2234 consenserat
1292 2184 1437 2230 cum
1481 2159 1723 2231 duobus
1760 2160 1977 2230 liberis
2019 2191 2215 2260 pater
2240 2221 2263 2254 ,
2309 2179 2349 2248 ὲ
2395 2175 2586 2274 plebe

510 2265 653 2341 vir,
696 2262 824 2334 sive
847 2263 1063 2357 vulgus
1100 2258 1492 2354 intra'opum
1532 2278 1637 2327 aut
1670 2259 2081 2354 ingeniorum
2133 2265 2596 2348 humilitatem

512 2357 811 2433 aestimes.
864 2361 969 2432 llli
990 2379 1115 2430 tres
1138 2381 1327 2428 unam
1347 2355 1804 2454 rempublicam
1826 2351 2200 2456 sectamque
2219 2359 2592 2461 faciebant,

515 2464 619 2561 (δι
640 2456 805 2560 saepe
839 2484 969 2531 non
1004 2455 1282 2556 pluribus
1323 2455 1423 2528 hae
1461 2454 1803 2555 religiones
1836 2452 2198 2552 constant.)
2253 2461 2583 2538 Tandem

523 2559 916 2662 pervicacius
958 2558 1125 2630 inter
1159 2554 1321 2628 sede
1354 2552 1570 2627 divina
1603 2579 1669 2627 re
1703 2550 2080 2654 agentibus,
2131 2555 2400 2632 deceffit
2444 2566 2598 2660 pri„

416 2734 419 2737 .
525 2687 706 2735 mum
730 2660 767 2730 a
791 2657 945 2730 filiis
969 2679 1179 2757 pater,
1217 2681 1353 2727 non
1367 2654 1541 2755 quod
1560 2655 1827 2727 meliora
1843 2650 2113 2727 sentiret
2138 2703 2164 2741 ‚
2190 2653 2299 2729 sed
2312 2659 2582 2733 diversa:

530 2764 600 2826 &
639 2757 718 2828 ab
756 2759 884 2828 illis
922 2756 1003 2827 de
1040 2756 1501 2828 communione
1534 2749 1894 2825 sanctorum
1935 2770 2115 2841 (uam
2140 2755 2220 2827 sic
2243 2780 2586 2857 nugatores

527 2853 1110 2948 dicebant)eje‹5'ttis
1129 2855 1240 2926 est.
1269 2856 1466 2926 Porro
1479 2853 1679 2926 sancti
1703 2878 1831 2927 non
1849 2851 1948 2922 his
1973 2854 2078 2923 alii
2099 2878 2325 2949 praerer
2340 2855 2579 2953 seipsos

527 2954 733 3023 erant.
792 2954 954 3023 Mox
978 2975 1188 3022 autem
1207 2962 1272 3024 &
1297 2952 1559 3028 disciffis
1588 2952 1903 3045 mentibus
1927 2953 2084 3021 alter
2119 2946 2374 3025 fratrum
2410 2956 2588 3026 alte-

531 3078 671 3123 rum
694 3051 997 3123 acoelesti
1016 3049 1342 3122 consortio
1362 3049 1649 3123 exclusit.
1725 3052 1824 3124 Sic
1858 3048 1937 3131 de
1972 3045 2229 3145 angusta
2258 3051 2536 3125 ecclesia
2555 3104 2584 3137 ,

536 3162 602 3226 ἃ
628 3153 819 3224 trium
842 3149 1176 3223 hominum
1197 3175 1468 3224 numero
1498 3149 1799 3232 definita,
1852 3170 1976 3218 tres
1995 3171 2252 3245 quoque
2292 3153 2583 3227 ecclesiae

2420 3276 2584 3325 natae

537 3402 621 3453 etsi
646 3405 723 3453 vix
736 3422 941 3471 unquam
957 3404 1195 3475 disciplina
1206 3409 1433 3475 regularis
1449 3424 1525 3460 te·-
1591 3410 1709 3457 Nam
1741 3420 1899 3474 pra-’ter
1924 3407 2034 3458 illos
2059 3419 2265 3473 quatuor
2279 3409 2580 3476 opinionibus

535 3470 741 3536 ligiossus
758 3472 999 3525 observata
1012 3475 1163 3526 fuerit.
1205 3480 1289 3525 Sed
1304 3476 1428 3525 adire
1443 3492 1526 3541 po·
1585 3472 1902 3525 dissentientes
1923 3510 1938 3533 ,
1971 3478 2048 3541 qui
2081 3477 2108 3527 ὲ
2152 3478 2401 3527 Germania
2444 3481 2584 3529 acciti

534 3551 607 3587 tes
625 3537 1060 3605 S-Chrysostomum
1076 3542 1282 3595 adversus
1299 3548 1532 3610 vitupera·
1588 3541 1691 3593 sunt
1707 3575 1726 3602 ,
1762 3545 1927 3595 revixit
1950 3546 2091 3594 etiam
2119 3542 2185 3593 ibi
2231 3542 2548 3596 Arrianifinus
2564 3580 2585 3605 ,

535 3618 662 3655 tores
680 3609 783 3657 vitae
797 3612 1055 3660 monastica:
1069 3612 1188 3661 libro
1204 3628 1249 3677 3.
1264 3626 1383 3661 tom.
1399 3629 1449 3673 4.
1587 3612 1731 3679 viguit
1763 3608 2121 3676 Anabaptismus
2140 3644 2156 3667 ,
2206 3610 2283 3663 sed
2309 3612 2581 3664 Atheismus

612 3686 637 3723 1
670 3682 734 3725 ln
762 3681 892 3725 vatia
915 3679 1318 3735 nominabierunt,
1346 3682 1533 3747 legesque
1583 3680 1632 3726 in
1652 3680 1816 3744 primis
1834 3681 2059 3729 invaluit:
2098 3679 2156 3729 de
2170 3680 2240 3730 his
2254 3679 2441 3731 consule
2456 3683 2582 3733 flor.

539 3737 746 3801 divers-‘u-
758 3743 863 3802 {Vix
877 3746 1029 3811 plures
1045 3749 1191 3796 Graeci
1205 3762 1257 3795 ex
1270 3762 1394 3812 equo
1407 3753 1530 3796 Tro·
1590 3747 1895 3797 Raemundum
1912 3746 1989 3796 lib.
2009 3749 2052 3797 6.
2076 3747 2152 3798 ubi
2169 3748 2228 3797 de
2244 3747 2589 3800 mutationibus

536 3808 653 3874 jano
665 3823 850 3879 erupere
864 3845 880 3870 ,
909 3830 1051 3883 quam
1066 3812 1246 3867 hareses
1260 3830 1314 3865 cx
1329 3815 1527 3884 Anglia:
1551 3820 1559 3866 l
1581 3816 1822 3884 religionis
1844 3817 1894 3866 in
1911 3818 2084 3887 Anglia
2096 3818 2274 3888 prolixe
2283 3818 2443 3889 agitur.

2388 3887 2606 3956 zur-m
