2738 4475
837 262 1579 337 ‘PARsV.
1810 297 1813 300 ·
2099 263 2224 355 623

521 387 664 445 Mani
679 380 781 457 sub
811 382 932 458 alga
960 383 1170 443 littoris,

360 457 546 543 ‚Quod
574 482 673 519 ver
698 473 1012 537 perpetuum
1041 462 1193 536 vestit
1215 457 1518 541 florentibus
1547 456 1713 514 herbis
1744 464 1769 512 t

449 607 452 612 .
534 550 674 598 Hem
700 540 828 597 duco
855 559 1057 597 mecum
1085 559 1313 601 nummu,
1727 580 1729 584 «

361 622 717 694 ΡινᾹκσνιιω
733 619 929 696 jurare
948 616 1097 693 faces
1132 615 1387 693 arcusque
1405 613 1633 691 severos,

528 696 755 753 Mortale
772 694 1035 773 formidat
1054 715 1240 773 gentos,

370 779 516 832 Gnm
547 775 728 831 videat
758 795 854 831 non
875 774 1027 852 ferre
1048 780 1156 852 pios
1175 772 1281 848 sua
1313 771 1538 830 vulnera
1567 773 1751 828 Divos.

529 855 584 908 Si
603 851 733 927 scire
766 873 876 932 que
895 852 1006 929 fint
1042 853 1240 930 expetis
1261 874 1279 906 .-

323 983 328 990 .
373 937 563 988 Durus
595 935 798 996 Amor,
841 930 1145 1010 comitesque
1179 935 1312 993 Dei,
1340 927 1610 1007 luHufilue
1637 928 1879 1005 dolorque

531 1017 650 1066 Hac
676 1009 841 1067 turba
867 1010 988 1067 1030
1019 1031 1101 1068 me
1131 1008 1348 1067 trahens

370 1087 596 1145 E‘xcutit
626 1088 654 1144 ὲ
671 1085 844 1161 fimmo
861 1128 886 1152 ,
923 1086 991 1156 ό·
1002 1088 1181 1163 secum
1209 1106 1327 1145 mea
1347 1086 1553 1164 gaudia
1580 1083 1753 1163 defert
1769 1105 1787 1139 .-

321 1221 328 1228 ,
528 1170 649 1224 Urit
683 1167 937 1225 meduana
962 1173 1177 1228 acriter.

370 1249 447 1301 Et
458 1242 712 1322 flammas
744 1248 906 1302 animi
937 1246 1168 1323 repetitis
1198 1242 1398 1324 ignibus
1433 1257 1615 1320 auger.

531 1322 702 1405 Quid
731 1323 896 1381 lentas
927 1325 1163 1400 expedias
1189 1340 1346 1382 tuam

371 1402 434 1459 Si
459 1421 593 1460 nunc
607 1401 742 1478 fata
759 1399 944 1476 fintene
974 1402 1294 1478 Alithophile
1320 1398 1487 1474 vifire
1518 1398 1769 1466 chlorim,

535 1481 778 1538 Multum
793 1478 1071 1549 furentem
1089 1478 1317 1556 funden

375 1556 666 1638 ‚Quicquid
698 1556 857 1615 babet
889 1556 1055 1615 rabidi
1068 1556 1419 1635 flammarum
1442 1558 1496 1614 in
1512 1554 1761 1633 sanguine
1786 1553 1981 1617 amon'e

545 1644 824 1711 Lauroque
853 1650 1085 1712 myrtum
1103 1638 1340 1713 jungere.

303 1712 386 1771 Ut
402 1710 759 1790 exposuimus
769 1712 1051 1788 piscatoris
1067 1713 1251 1772 casum
1273 1754 1289 1779 ‚
1309 1724 1524 1772 orantes
1538 1728 1847 1773 extremam
1866 1713 2129 1773 defuneto
2146 1713 2254 1774 hu.

229 1793 557 1851 manitatem
580 1831 597 1856 ,
629 1789 971 1869 sexagenaria
996 1793 1198 1850 mulier
1229 1794 1416 1851 minus
1441 1793 1612 1869 polita
1626 1812 1797 1871 quam
1813 1794 2016 1853 sincera
2030 1792 2255 1872 respon·

227 1872 374 1929 fione
389 1872 709 1929 animorum
730 1870 1166 1947 perturbationes
1184 1871 1369 1950 fregit.
2206 1905 2212 1912 -

233 1972 240 1977 ·
305 1951 523 2008 Raritas
538 1949 796 2007 conciliat
813 1950 974 2007 rebus
992 1951 1453 2031 admirationem:
1484 1948 1585 2007 sub
1614 1950 1791 2008 oculis
1822 1951 1990 2028 pofita
2022 1945 2260 2009 solemus

222 2028 529 2109 negligere.
545 2047 647 2106 pro
660 2030 887 2086 incertis
907 2029 1080 2087 maria
1096 2028 1529 2087 transmittimus
1546 2035 1602 2090 &
1618 2031 1678 2086 in
1697 2043 1949 2086 extremo
1965 2030 2096 2088 orbe
2111 2030 2260 2087 stulti

222 2121 345 2166 tum
368 2109 590 2173 mentis,
609 2123 731 2165 tum
753 2109 1003 2183 corporis
1018 2106 1497 2186 aegrotationibus,
1529 2109 1831 2184 quaerimus
1860 2109 2102 2166 remedia
2131 2127 2257 2184 quae

226 2189 436 2249 Natura
455 2200 581 2245 ante
595 2186 756 2263 pedes
772 2183 972 2262 posuit.
1036 2186 1140 2244 Seu
1173 2185 1325 2264 quod
1359 2186 1620 2244 omnium
1657 2203 1842 2244 rerum
1878 2186 2260 2245 defiderialan.

221 2267 492 2346 guescunt
521 2265 616 2324 ubi
652 2266 904 2323 vicinitas
919 2268 973 2323 δι
989 2264 1198 2322 occafio
1216 2265 1409 2323 utendi
1427 2263 1749 2324 facilitatem
1770 2265 1947 2323 fecere
1963 2303 1979 2327 ,
2013 2266 2100 2324 seu
2122 2268 2256 2346 quia

227 2344 533 2403 differimus
550 2345 730 2402 videre
744 2346 896 2422 quod
912 2345 1130 2421 quoties
1146 2343 1412 2421 placuerit
1427 2343 1579 2418 pofl‘u
1589 2362 1728 2401 mus.
1786 2344 2062 2403 Permulta
2094 2347 2154 2403 in
2171 2345 2258 2402 so-

225 2424 282 2481 lo
301 2424 483 2481 nostro
502 2438 627 2479 nata
641 2424 977 2500 negligimus
992 2462 1008 2487 ‚
1039 2441 1162 2500 quae
1181 2423 1219 2479 fi
1233 2418 1555 2497 portentosa
1570 2421 1802 2481 servaret
1820 2425 2092 2500 AEgyptus
2110 2464 2128 2488 ,
2161 2437 2259 2480 aut

222 2503 444 2559 Graecia
458 2501 855 2557 miraculorum
884 2499 1034 2557 ferax
1053 2540 1069 2565 ‚
1102 2501 1310 2577 singula
1331 2500 1666 2576 jamdudum
1699 2498 2092 2566 lustraffemuS,
2133 2501 2259 2557 lon-

230 2584 583 2659 ginquorum
602 2579 846 2634 nimium
864 2578 1080 2635 curiosi.
1100 2578 1419 2654 Qidjuvat
1433 2597 1649 2637 currere
1662 2599 1761 2656 per
1777 2580 2003 2638 Ionium
2025 2598 2176 2636 mare
2194 2591 2258 2636 ut

227 2659 459 2714 Amoris
488 2655 742 2713 flammas
773 2657 1096 2734 extinguere
1125 2655 1315 2731 poffis,
1349 2676 1598 2733 premere
1630 2658 1982 2715 Deucalionis
1996 2656 2258 2733 exemplo

229 2735 444 2790 Aetaeas
476 2751 638 2809 aquas
653 2772 669 2793 .
712 2736 764 2791 ὃ(
780 2735 1114 2811 praecipitem
1133 2733 1185 2790 se
1202 2734 1327 2792 dare
1341 2753 1437 2810 per
1451 2736 1629 2795 finum
1652 2736 2011 2794 Ambracium
2031 2774 2050 2798 2
2082 2754 2256 2814 quem

233 2813 297 2869 in
319 2811 740 2869 similitudinem
758 2813 984 2883 jacentis
1001 2828 1131 2871 rotae
1148 2816 1407 2872 Leucates
1426 2817 1877 2893 promontorium
1913 2813 2260 2874 circumscri-

223 2890 375 2969 pfit?
438 2890 530 2947 uid
549 2893 843 2948 Anterotos
871 2910 1084 2949 numen
1111 2891 1430 2968 agnoscere,
1473 2901 1529 2955 δι
1558 2895 1700 2972 apud
1730 2895 1989 2954 Eleorum
2022 2913 2264 2974 gymna-

222 2972 371 3028 fium
414 2967 1019 3027 acrificareoblivioni?
1062 2971 1261 3027 Melius
1291 2973 1530 3031 Selemni
1561 2992 1698 3051 aqua
1730 2974 2155 3051 praeterlabentis
2186 2977 2261 3030 A·

217 3049 446 3107 chaiam
479 3049 684 3106 fluvius
713 3050 808 3106 iste
840 3048 908 3106 ab
936 3068 1126 3106 amore
1144 3049 1367 3117 liberat,
1404 3055 1457 3110 &
1475 3053 1795 3128 Cupidineis
1811 3052 2089 3109 affeffibus
2104 3052 2264 3108 absti-

218 3130 473 3186 nentiam
497 3128 1085 3206 inducinc‘oe'rcetque
1102 3127 1199 3185 suo
1216 3128 1425 3208 frigore
1446 3132 1820 3206 voluptuarios
1867 3146 2074 3186 motus.
2138 3134 2263 3186 Hoc

192 3207 450 3264 ‘docebit
466 3226 560 3263 vos
576 3209 693 3273 iste,
709 3208 805 3342 ‹}ui
823 3225 955 3265 mox
975 3226 1106 3266 cum
1128 3207 1327 3269 somno
1344 3210 1609 3287 relinquit
1623 3212 1878 3287 antiquos
1894 3210 2066 3285 ignes,
2085 3209 2267 3266 osten-

223 3286 436 3359 detque
455 3287 705 3343 nondum
747 3306 777 3341 e
793 3287 1119 3346 mortalium
1135 3305 1376 3348 numero,
1386 3287 1654 3345 decidiffe.

313 3366 398 3421 Ut
415 3364 577 3421 flores
593 3363 825 3421 relaxata
840 3365 1044 3440 hyeme
1064 3367 1124 3422 in
1142 3379 1332 3442 tepore
1350 3366 1665 3423 inchoantis
1685 3365 1841 3421 Veris
1858 3362 2120 3441 frangunt
2151 3378 2268 3421 ter-

220 3461 353 3500 ram
375 3482 391 3507 ,
426 3441 667 3500 &debili
687 3441 898 3518 fastigio
917 3444 1158 3509 micant,
1188 3446 1485 3520 postmodo
1518 3443 1778 3501 calefasta
1807 3443 1988 3499 humo
2023 3461 2268 3511 vernant,

218 3521 864 3596 surgunt,aperiuntur:
910 3523 997 3578 Sic
1022 3523 1300 3597 piscatoris
1330 3524 1517 3599 pectus
1552 3522 1745 3580 extolli
1777 3522 1963 3598 primo
1979 3526 2185 3600 coepit,
2214 3529 2268 3584 δε

213 3600 455 3678 spiritus
470 3599 576 3657 alte
594 3598 849 3656 conditus
863 3619 1175 3679 emergere,
1208 3602 1390 3678 postca
1420 3601 1618 3657 fortius
1649 3604 1796 3677 egeri
1819 3639 1834 3660 ,
1861 3599 2052 3674 pulsari
2072 3602 2269 3661 salubri

213 3678 395 3757 pulsu
410 3694 668 3753 tempora
687 3718 701 3742 ,
726 3679 988 3756 assurgere
1004 3681 1235 3737 demum
1252 3680 1500 3743 cadaver,
1520 3681 1593 3739 δε,
1610 3694 1671 3735 ut
1688 3693 1841 3739 antea
1859 3680 2074 3747 solebat,
2093 3682 2270 3758 loqui:

214 3758 329 3815 nili
351 3758 508 3835 quod
529 3757 725 3814 omnia
740 3756 838 3813 alia
857 3760 1184 3816 meminerat
1202 3773 1397 3833 praeter
1416 3775 1666 3813 amorem
1689 3797 1705 3824 ‚
1740 3759 1895 3834 cujus
1914 3761 2165 3817 flammas
2182 3761 2270 3815 in-

205 3854 308 3897 ter
330 3838 541 3897 nivales
554 3855 719 3916 aquas
737 3839 1058 3897 venerabilis
1074 3839 1231 3896 fluvii
1251 3838 1560 3912 reliquerat.
2097 3848 2105 3855 ·

325 3948 334 3955 ·
2057 3916 2273 3971 Tacen-
