2738 4475
1003 199 1050 275 Ρ
1160 224 1205 271 Α
1312 204 1368 273 ιζ’
1444 201 1757 273 ''8³'VI-
1818 225 1830 247 ⁶
2207 207 2379 304 ‘³⁶75

328 322 491 382 cuias,
514 316 908 396 mollioresque
928 357 943 381 ,
961 336 1024 374 ac
1040 316 1226 373 minus
1245 317 1541 392 pellucidas
1558 321 1753 393 partes,
1771 317 1976 393 quasin
1996 319 2378 393 eaargiii'mus,

329 403 472 459 aliud
494 398 636 457 nihil
655 398 757 453 esse
775 415 941 473 quam
962 413 1126 474 aquas
1146 419 1161 461 ;
1191 396 1343 471 quod
1361 413 1546 452 autem
1566 396 1906 470 diaphanum
1924 413 2141 472 apparet
2157 434 2172 455 .
2208 411 2374 475 atque

331 480 682 557 splendidum
701 515 716 536 ‚
745 475 876 551 ipsas
908 475 1010 536 effe
1041 490 1238 536 terras,
1273 491 1397 549 quae
1415 475 1592 530 radios
1606 471 1798 541 solares
1817 476 2187 547 repercutiant
2203 499 2223 543 3
2255 497 2371 537 non

331 560 434 615 alia
466 558 676 614 ratione
701 575 871 632 quam
903 569 1060 611 terrae
1077 553 1399 609 Horizontis
1418 553 1585 609 nostri
1604 554 1714 610 sive
1730 554 2119 629 Hemisphaerii
2135 555 2272 611 'Solis
2286 576 2372 612 ra-

330 640 436 693 diis
455 636 726 692 illustratae
742 671 759 693 ,
793 652 916 710 quae
935 633 1213 709 fulgorem
1237 650 1350 686 non
1369 633 1570 706 impari
1589 632 1707 688 luce
1722 633 2029 689 radiantem
2055 633 2228 689 lunari
2247 633 2371 710 glo-

314 714 405 770 'bo
420 714 699 771 exhibent.
742 714 844 768 Sed
869 715 987 787 jam
1020 710 1235 787 pridem
1265 711 1360 767 ista
1377 727 1442 767 ex
1463 709 1926 787 Philosophorum
1942 711 2175 768 ficrario
2192 712 2370 770 incu-

335 811 429 848 nas
467 794 743 850 nutricum
764 829 781 854 ‚
822 793 876 849 &
900 787 1344 865 {impulatricum
1378 790 1656 865 gynaeceia
1685 790 2080 854 eliminantur}
2122 798 2213 847 au't
2239 790 2369 851 solis

287 890 290 894 “
331 870 930 947 Poetisrelinquuntur3
947 868 1147 944 quibus
1168 865 1333 924 fidem
1355 867 1521 925 faciat
1537 870 1964 925 Nemeaeus-Leo
1976 875 2045 925 ex
2060 867 2226 945 sylvis
2248 873 2360 926 Lu-

332 968 414 1006 nae
449 948 478 1006 a
512 949 766 1024 ‘zelotypa
797 950 1016 1025 junone
1045 947 1108 1003 ad
1124 946 1429 1023 perniciem
1453 945 1705 1005 Herculis
1720 948 2104 1023 praecipitatus.
2165 949 2267 1005 Sed
2290 950 2371 1008 illi

330 1046 468 1083 num
487 1032 703 1084 Lunam
721 1033 933 1105 gestant
947 1027 1003 1082 in
1020 1026 1195 1102 capite
1209 1061 1226 1083 .
1255 1023 1391 1080 dum
1413 1026 1630 1082 Lunam
1650 1025 1818 1083 talem·
1834 1024 2145 1102 effingendo
2162 1025 2259 1083 fibi
2279 1030 2368 1085 in-

325 1103 572 1164 saniunt?
617 1108 817 1182 Neque
831 1105 1076 1180 estquod
1096 1104 1294 1159 mirere
1307 1117 1549 1161 tantum.
1571 1104 1651 1160 mi
1673 1101 1904 1164 Rosete5
1944 1123 2073 1161 cum
2093 1109 2368 1178 reperian-

327 1200 418 1241 tur
449 1203 561 1241 non
587 1183 770 1242 solum
801 1184 900 1261 qui
927 1182 1037 1240 hoc
1068 1180 1246 1256 ipsum
1281 1180 1347 1237 de
1366 1183 1524 1239 Luni
1541 1184 1854 1239 commenti
1872 1180 2029 1240 sunt:
2072 1189 2279 1240 Verum
2300 1184 2370 1243 de

325 1266 532 1321 caeteris
545 1264 711 1321 etiam
728 1262 1038 1320 errantibus
1055 1300 1071 1325 ‚
1107 1262 1165 1317 in
1197 1278 1439 1337 quorum
1476 1281 1716 1315 numero
1735 1265 1979 1317 nostrum
1998 1260 2149 1319 hunc
2166 1262 2366 1322 orbem

322 1342 620 1403 recensent,
639 1343 895 1398 medium
916 1341 1060 1396 inter
1076 1338 1166 1396 illa
1180 1337 1369 1394 locum
1388 1343 1436 1393 ci
1472 1341 1801 1395 tribuentes:
1851 1338 1965 1414 Ipsa
1993 1358 2123 1397 vero
2156 1338 2192 1397 s
2218 1342 2368 1400 haera

326 1420 466 1476 Solis
481 1422 542 1476 in
557 1433 751 1477 centro
763 1418 1263 1503 constitutamque
1278 1417 1576 1474 immobili.
1641 1421 1739 1474 Sed
1759 1441 1829 1496 qu
1843 1421 2089 1474 iseomm
2110 1361 2368 1478 voi’atum

323 1498 401 1555 ita
413 1497 695 1573 pernicem
710 1495 979 1559 habuerit,
996 1496 1253 1553 oculoive
1268 1494 1400 1552 adeo
1418 1497 1761 1570 perspicaces,
1789 1518 1847 1554 ut
1865 1495 2089 1552 illorum
2109 1499 2249 1555 acies
2262 1517 2367 1573 po-

325 1579 497 1633 tuerit
511 1595 579 1632 eo
600 1574 930 1650 pervadere?
963 1576 1134 1649 Ajunt
1169 1570 1375 1630 scilicet
1410 1576 1645 1632 Planctus.
1673 1580 1777 1634 five
1801 1575 1985 1650 sydera
2000 1577 2233 1633 errantia
2251 1595 2370 1635 non

325 1654 521 1712 iisdem
540 1651 787 1711 scintillis
802 1692 817 1716 ,
835 1652 1036 1730 quibus
1053 1652 1221 1710 stellas
1237 1651 1578 1710 firmamenti
1598 1693 1615 1718 ,
1633 1656 1768 1712 fixas
1787 1656 2017 1711 vibrare.
2076 1655 2235 1731 Qid
2254 1656 2327 1712 ita
2342 1656 2368 1708 ἒ

327 1734 659 1809 Praepotenti
693 1732 883 1788 virtuti
914 1749 1097 1789 rerum
1126 1730 1358 1788 auctoris
1385 1732 1521 1809 quid
1553 1733 1859 1810 repugnet?
1902 1734 2039 1789 Non
2072 1735 2147 1789 est
2176 1746 2369 1791 tamen

325 1811 577 1869 voluntas
591 1811 707 1888 ejus
723 1810 1022 1870 Numinis.
1054 1824 1116 1868 ut
1149 1810 1389 1868 mundos
1421 1811 1776 1888 multiplicet,
1803 1829 1936 1868 cum
1957 1810 2102 1867 nulla
2115 1824 2367 1887 appareat

316 1890 628 1948 necessitas:
676 1888 881 1966 alioqui
900 1908 969 1946 an
985 1889 1039 1946 id
1059 1909 1160 1946 nos
1179 1888 1438 1949 latuisset,
1465 1906 1631 1967 atque
1652 1889 1767 1947 haec
1787 1888 2052 1947 stutentia
2068 1888 2213 1963 apud
2227 1907 2375 1966 genq

322 1970 443 2026 tiles
458 1971 626 2025 etiam
648 1968 719 2025 fic
737 1968 970 2026 invaluit
985 2008 1001 2033 .
1023 1982 1085 2025 ut
1101 1969 1354 2025 castratus
1373 1970 1402 2027 ἐι
1418 1969 1554 2047 Jove
1573 1967 1691 2026 filio
1711 1971 1974 2025 Saturnus
1989 1964 2114 2022 ideo
2133 1962 2208 2021 fin
2253 1984 2371 2023 ere·

317 2065 427 2105 tur.
471 2048 703 2104 Interim
723 2046 926 2104 aedium
947 2046 1121 2104 limen
1141 2043 1529 2104 salutaverant:
1573 2047 1668 2104 ubi
1706 2044 1940 2103 Rosetus
1972 2046 2203 2101 nosteru
2232 2047 2371 2104 tima

314 2126 480 2183 salute
497 2126 621 2183 data
638 2165 654 2189 ‚
675 2143 774 2182 nec
792 2124 935 2184 ultra
953 2144 1045 2182 me
1059 2142 1285 2203 pergere
1302 2124 1477 2201 pass'us
1490 2123 1774 2196 indiversa
1794 2125 1848 2183 se
1863 2124 2143 2183 convertit
2161 2148 2179 2191 3
2221 2128 2277 2185 ὅτ.
2305 2126 2369 2186 in

310 2206 455 2264 'aedcs
470 2202 585 2262 suas
603 2244 620 2270 ,
649 2222 757 2283 qua
774 2205 1179 2284 compendium
1199 2243 1217 2270 ,
1233 2203 1468 2286 gradum
1487 2206 1802 2285 maturavit.
2082 2202 2088 2214 ⁸

897 2351 1151 2418 Duas
1202 2353 1717 2424 SteuNDuS.

419 2484 722 2541 Sermones
750 2470 1077 2539 convivales
1097 2467 1302 2563 diversi
1324 2493 1347 2553 3
1386 2468 1483 2538 ubi
1500 2486 1632 2538 uter
1646 2464 1948 2559 infoelicior
1962 2489 2177 2540 avarus
2191 2492 2272 2542 an

587 2568 879 2663 prodigus3
896 2587 1028 2639 uter
1037 2567 1289 2665 salacior
1306 2567 1606 2640 Martialis
1622 2623 1644 2651 ,
1681 2591 1759 2638 an
1775 2570 2111 2667 Juvenalis.
2141 2623 2145 2627 .

1297 2686 1344 2760 ς.
1376 2687 1419 2742 1.
1474 2669 1487 2678 '

461 2778 628 2835 Derat
656 2779 866 2855 postera
900 2779 999 2838 lux
1019 2819 1036 2846 ,
1065 2782 1122 2839 δι
1152 2783 1365 2839 Aurora
1386 2781 1524 2840 lucis
1539 2783 1737 2860 praevia
1756 2824 1772 2847 ,
1806 2802 1869 2843 ac
1887 2783 2056 2842 Musis
2073 2782 2254 2842 amica
2270 2785 2368 2862 per'

462 2857 634 2915 vitrea
663 2858 855 2917 ludens
870 2856 1170 2936 specularia
1186 2861 1513 2937 proximum
1529 2863 1632 2918 effe
1649 2862 1787 2921 Solis
1803 2878 1994 2928 ortum
2015 2861 2367 2922 admonebat.

319 2940 472 2996 Tum
509 2954 616 3013 ego
646 2939 903 2996 membra
931 2939 1109 2996 adhuc
1124 2936 1322 2997 somno
1337 2942 1521 3016 gravia
1538 2940 1699 2998 simul
1716 2944 1903 3000 excito
1920 2982 1937 3008 ‚
1968 2939 2172 3001 simule
2195 2945 2370 3001 stratis

317 3017 591 3092 corripio:
639 3019 895 3095 votisque
921 3017 1240 3096 praemissu,
1278 3019 1648 3077 invalescente
1681 3025 1800 3095 jam
1832 3021 2018 3078 furore
2048 3022 2270 3098 poetico
2298 3023 2368 3080 ad

322 3096 560 3152 strictam
592 3096 1058 3171 compositionem
1091 3097 1367 3155 calamum
1399 3096 1546 3154 torfi.
1623 3099 1960 3157 Facultatem
1992 3117 2225 3157 omnem
2255 3099 2367 3158 hoc

325 3174 879 3241 oestruminccsserat‚
908 3194 1041 3232 curn
1074 3174 1368 3233 exsonante
1405 3173 1651 3235 musaeoli
1680 3176 1879 3236 ostiolo
1913 3175 2146 3235 Rosetus
2174 3195 2368 3237 coram

329 3269 424 3305 me
437 3251 597 3308 stetit.
653 3254 702 3309 Is
723 3253 1140 3312 humanissimus
1158 3254 1427 3332 praemiffa
1442 3253 1610 3313 salute
1626 3295 1643 3320 ,
1684 3259 2002 3338 caeterisque
2019 3253 2190 3312 solitae
2207 3256 2370 3314 urba-

329 3329 512 3385 nitatis
528 3329 724 3388 officiis
740 3351 964 3408 rogare,
1005 3333 1348 3392 uticanoete
1364 3334 1648 3397 valuissem
1666 3374 1683 3400 ,
1726 3355 1793 3391 an
1825 3354 1887 3393 ea
1916 3333 2095 3392 fuiffet
2126 3332 2365 3395 fausta&

328 3407 606 3482 propitia?
643 3410 800 3465 Num
818 3409 1051 3484 placeret
1065 3431 1125 3469 ca
1142 3410 1481 3487 lucegeniali
1500 3412 1873 3471 deambulatio
1893 3414 2166 3471 matutina
2182 3453 2197 3478 ,
2225 3413 2365 3472 dum

324 3485 530 3542 rideret
545 3485 753 3543 coelum
778 3527 793 3550 ‚
826 3489 1060 3547 necdum
1095 3489 1298 3548 sodales
1329 3488 1553 3549 somnus
1582 3490 1881 3568 reliquisset
1896 3491 2251 3568 postmodum
2271 3493 2369 3550 ad·

324 3563 573 3621 cundos?
607 3567 1008 3624 Ama-nitatem
1027 3570 1176 3633 a'e'ris.
1196 3575 1248 3629 ὃ(
1270 3569 1399 3626 coeli
1416 3570 1776 3628 clementiam
1798 3589 1895 3629 nos
1910 3569 2256 3647 compellere.

406 3644 525 3720 Ego
553 3644 766 3702 tametsi
797 3648 941 3701 inter
971 3645 1303 3705 suaviffimos
1333 3649 1547 3707 Poe‘fios
1574 3648 1732 3707 ludos
1749 3663 1864 3708 tota
1883 3664 2069 3709 mente
2089 3647 2366 3707 delitesce·

324 3740 443 3778 rem
464 3761 480 3787 ‚
501 3723 703 3798 vixque
721 3742 912 3781 meum
929 3742 1149 3784 carmen
1161 3727 1225 3783 ad
1241 3741 1498 3802 optatum
1522 3728 1738 3789 exitum
1760 3731 2134 3791 traduxiffem.
2156 3725 2367 3783 volenti

320 3801 510 3860 volens
523 3801 794 3862 ass‘entior.
853 3805 1098 3882 Roganti
1124 3806 1277 3884 quod
1309 3824 1484 3880 genus
1514 3807 1721 3885 po'e'fios
1742 3828 1890 3868 nunc
1909 3808 2156 3886 primum
2176 3801 2363 3858 elabo-

1311 3885 1363 3940 V
1383 3902 1416 3941 V
1461 3903 1492 3942 2
2167 3897 2370 3963 585ch
