2738 4475
913 255 1607 326 PARsV·
2127 257 2277 354 619

230 380 558 438 comitatam
592 372 871 451 relegabat
895 369 1198 431 Lathmon.
1253 371 1491 431 Gnosius
1507 370 1730 430 amoli'ri
1753 369 1784 430 ὃ
1806 370 1860 429 se
1877 370 2101 432 fratrem
2120 379 2279 455 cogi-

237 460 384 516 tabat
402 496 419 524 ,
438 461 493 516 &
507 454 750 530 sopitum
765 451 963 509 somno
984 451 1051 509 de
1068 470 1247 529 puppe
1265 455 1324 510 in
1354 452 1556 509 fluctus
1574 452 1810 527 dejicere
1828 475 1846 518 ς
1880 451 2140 511 facilitate
2159 475 2279 514 cre-

235 537 398 595 dendi
418 577 434 601 ‚
475 553 602 614 quae
634 530 895 608 zelotypo
925 531 1253 607 persuaserat
1284 549 1416 588 eum
1436 531 1534 607 qui
1551 543 1698 588 amat
1715 549 1784 587 ne
1802 530 2032 588 fratrem
2051 534 2278 610 quidem

238 631 365 672 tuto
383 615 640 673 sustinere
660 609 820 685 posse.
880 613 1029 667 Cum
1065 611 1161 666 diu
1191 628 1288 686 per
1317 607 1525 666 diversa
1555 611 1720 666 maria
1725 610 1921 685 jactari
1939 611 2282 670 innatantem

242 693 483 756 insulam
515 689 926 766 prospeximus,
969 689 1131 745 nullis
1148 687 1524 745 fundamentis
1543 686 1725 744 telluri
1744 688 2120 747 cohaerentem
2142 730 2158 753 ,
2196 688 2287 748 sed

241 771 637 829 communibus
656 768 925 824 radicibus
940 767 1179 823 avulsam
1201 806 1216 831 ,
1254 767 1729 843 fluCtuantemque
1747 804 1763 830 ,
1780 767 1839 822 in
1859 768 2096 824 modum
2119 769 2287 827 Delus

248 851 521 908 Latoniae:
576 847 732 905 Haud
756 865 909 903 mora
924 846 1169 924 ingressis
1186 861 1460 902 errantem
1482 859 1702 908 terram,
1719 847 1860 902 mira
1874 848 2067 903 omnia
2094 866 2291 923 prove-

243 948 390 986 nere.
450 925 712 1003 Deposuit
744 924 981 982 Gnofius
999 942 1152 983 caecae
1170 923 1412 982 libidinis
1430 924 1625 981 vulnus
1647 963 1663 988 ,
1695 926 1750 982 δι
1766 922 2074 982 fraternum
2090 926 2287 983 odium

245 1009 306 1063 in
323 1007 625 1064 amicitiam
646 1007 823 1062 vertit.
868 1006 1069 1080 Neque
1085 1021 1190 1081 ego
1210 1002 1291 1060 illi
1312 1002 1548 1077 amplius
1561 1003 1768 1061 interni
1783 1003 1938 1062 causa
1953 1003 2138 1061 morbi
2158 1044 2179 1074 2
2191 1017 2288 1061 aut

241 1084 358 1161 spes
378 1085 808 1142 incolumitatis:
851 1098 1148 1139 momento
1171 1081 1383 1139 foenilis
1401 1082 1529 1139 flam
1540 1100 1630 1138 ma
1643 1079 1937 1157 disparuit:
1983 1087 2035 1143 &
2059 1102 2151 1139 me
2169 1103 2287 1142 non

238 1165 547 1229 dominam,
565 1183 679 1220 non
698 1162 1068 1219 Vindocinam
1089 1202 1104 1225 ,
1148 1161 1236 1217 sed
1269 1160 1485 1218 socium
1520 1164 1576 1218 ὃς
1598 1161 1974 1218 Vindocinum
1995 1163 2171 1237 coepit
2186 1181 2285 1239 ap-

235 1242 465 1319 pellare.-
510 1245 769 1320 ignotum
790 1241 872 1298 illi
889 1239 1150 1297 hactenus
1168 1257 1377 1296 nomen
1399 1277 1414 1303 ,
1438 1243 1492 1298 ὃ(
1508 1238 1663 1315 quod
1680 1239 1818 1297 ultra
1836 1239 2064 1297 natalem
2090 1259 2286 1298 meum

236 1322 418 1378 solum
437 1320 548 1378 fine
567 1322 869 1378 reverentia
885 1321 974 1376 est.
1020 1321 1166 1375 Fecit
1181 1319 1328 1374 idem
1349 1321 1406 1375 &
1424 1317 1519 1374 hic
1539 1316 1788 1393 piscator,
1809 1321 1905 1394 qui
1923 1319 2093 1376 hodie
2114 1336 2208 1375 me
2224 1321 2285 1377 in

237 1400 552 1458 thalamum
561 1397 765 1477 poscit,
780 1401 835 1456 ὃς
853 1396 1205 1454 connubiales
1220 1396 1383 1472 leges.
1421 1397 1568 1453 Nam
1586 1415 1717 1453 cum
1737 1398 1881 1455 inter
1900 1395 2163 1456 insulares
2176 1397 2287 1472 pis·

236 1479 450 1537 ciculos
462 1479 674 1536 vimine
691 1475 949 1539 inclusos,
968 1490 1061 1533 aut
1080 1473 1259 1531 hamis
1272 1472 1631 1550 dependulos,
1644 1474 1869 1533 duceret
1886 1477 1944 1533 in
1960 1475 2115 1533 littus
2139 1495 2153 1529 t
2184 1494 2284 1534 oc·

235 1559 414 1615 currit
431 1555 772 1631 stupentibus
788 1553 946 1610 nobis
965 1591 982 1617 ,
1015 1551 1345 1631 singulisque
1362 1553 1610 1610 nostrum
1625 1552 1731 1612 suis
1749 1556 2073 1613 nominibus
2086 1554 2283 1612 saluta-

238 1637 310 1692 tis
326 1675 342 1700 ,
382 1633 613 1709 agnovit
626 1632 922 1690 hominem
940 1650 1070 1688 eum
1090 1648 1262 1708 quem
1280 1628 1451 1688 hodie
1467 1633 1707 1689 nimium
1725 1635 2076 1708 pertinaciter
2086 1636 2284 1690 credu-

242 1712 330 1769 lus
345 1715 409 1769 in
424 1728 658 1767 uxorem
676 1709 868 1767 ambit.
927 1714 1000 1767 At
1028 1712 1183 1768 enim
1219 1710 1476 1768 nondum
1503 1711 1753 1769 Lethaeos
1771 1713 1971 1773 fluetus
1986 1725 2287 1786 potaverat.

249 1792 351 1879 qui
390 1789 477 1847 illi
493 1789 706 1846 dudum
729 1791 840 1845 mei
857 1787 1045 1864 suique
1064 1790 1453 1867 cognitionem
1469 1785 1795 1847 subtraxere.
1853 1790 2291 1849 Reddideramus

253 1871 504 1932 salutem,
522 1874 579 1928 δι
595 1866 703 1928 ille,
731 1866 1012 1928 miseratus
1031 1869 1307 1945 stuporem
1328 1867 1578 1925 nostrum
1599 1907 1616 1931 ,
1646 1868 2038 1927 humanissime
2050 1866 2160 1928 visa
2175 1870 2291 1926 mi—

236 1947 422 2006 tacula
436 1985 453 2011 ,
480 1951 534 2006 8<
554 1965 800 2024 quonam
822 1961 1087 2004 terrarum
1107 1945 1342 2025 essemus
1357 1944 1656 2022 ‚exposuit.

322 2026 597 2084 Nondum
622 2066 637 2090 ,
669 2027 860 2103 inquit
875 2064 892 2088 ,
929 2026 1044 2082 haec
1076 2026 1333 2083 Veritatis
1363 2022 1537 2082 insula
1549 2040 1802 2103 eruperat
1816 2025 2285 2086 inmortalitatem

246 2104 472 2184 quando
492 2106 760 2160 Saturnus
779 2104 1054 2160 incolebat
1070 2116 1250 2159 terras.
1282 2104 1556 2160 Homines
1576 2106 1699 2160 Diis
1716 2105 1947 2182 aequales
1963 2105 2291 2181 ignorabant

243 2185 377 2243 vitia
397 2220 414 2245 2
451 2179 624 2261 usque
637 2183 774 2240 dum
797 2181 1025 2239 foecund
1033 2199 1128 2237 um
1150 2180 1311 2237 malis
1328 2198 1417 2237 vas
1434 2181 1578 2239 male
1593 2182 1835 2241 curiosus
1850 2183 2209 2260 Epimetheus
2224 2185 2285 2244 in

248 2263 556 2322 humanam
590 2261 891 2337 perniciem
917 2261 1223 2336 aperuisset.
1266 2262 1419 2317 Tum
1455 2259 1686 2317 demum
1722 2261 2047 2319 mortalium
2078 2277 2288 2322 contu-

240 2342 503 2400 bernium
535 2340 895 2418 dedignavere
926 2341 1177 2397 Virtutes
1196 2376 1213 2399 ‚
1259 2344 1313 2397 &
1346 2339 1531 2413 paucis
1570 2339 1870 2398 hominum
1902 2339 2087 2399 secum
2119 2344 2287 2419 raptis

247 2423 411 2496 (quos
432 2418 681 2474 nondum
703 2418 818 2474 auri
833 2416 1018 2493 fulgor
1035 2418 1101 2475 ad
1116 2435 1349 2474 omnem
1368 2418 1647 2492 pravitatis
1665 2418 1943 2476 licentiam
1974 2420 2283 2478 obcaecave-

245 2504 352 2573 rat)
371 2497 677 2572 separavero
696 2494 791 2551 has
808 2508 972 2552 terras
985 2496 1014 2554 a
1027 2496 1380 2553 continente:
1409 2513 1543 2572 quas
1560 2498 1618 2553 in
1635 2495 1871 2571 speciem
1888 2499 2018 2553 ratis
2031 2516 2189 2575 vagas
2201 2500 2285 2553 in·

241 2578 407 2635 certis
421 2572 663 2631 cursibus
675 2587 846 2650 agunt
861 2574 1040 2637 venti,‘
1054 2576 1111 2632 δι
1126 2573 1289 2630 undae
1308 2571 1403 2630 sub
1420 2588 1586 2631 tantae
1604 2574 1768 2633 molis
1783 2573 2288 2649 ponderelaboran·

242 2668 341 2711 tes.
389 2655 504 2709 Hae
520 2667 680 2714 nave,
691 2649 1094 2727 prudentissimi
1115 2652 1435 2709 mortalium
1454 2654 1693 2710 vitavere
1708 2649 2284 2730 cataclysmum,cujus

243 2734 453 2791 damna
480 2727 783 2786 Deucalion
815 2747 946 2785 cum
965 2727 1311 2804 sororejaffis
1324 2731 1444 2805 post
1460 2743 1680 2809 tergum
1707 2731 1975 2809 lapidibus
1992 2736 2282 2810 reparavit.

240 2811 381 2869 Inde
397 2809 543 2866 inter
556 2821 852 2884 utramque
869 2806 1113 2864 sobolem
1136 2809 1276 2865 mira
1288 2806 1578 2885 disparitas,
1593 2816 1649 2870 δι
1663 2810 2068 2870 dissimilitudo.
2135 2812 2284 2878 Pars,

243 2891 594 2947 incrementa
603 2884 866 2944 'saxorum
887 2925 903 2951 ,
920 2885 1228 2962 prodigiosa
1241 2886 1605 2963 pullulatione
1622 2890 1874 2965 quotidie
1888 2890 2082 2949 crescit
2096 2892 2155 2947 in
2173 2893 2283 2950 im—

242 2965 525 3031 mensum,
539 2969 596 3025 Bt
614 2983 902 3042 nunquam
922 2965 1020 3022 nisi
1038 2966 1102 3021 ad
1125 2964 1317 3023 scelera
1334 2979 1607 3025 movetur.
1663 2970 1739 3025 At
1756 2967 1813 3025 hi
1837 3007 1853 3032 ,
1867 2986 2004 3044 quos
2024 2971 2284 3029 Veritatis

242 3047 416 3105 insula
438 3047 497 3103 in
514 3045 805 3122 probitatis
824 3043 1009 3102 semen
1032 3046 1206 3102 nutrit
1225 3082 1241 3105 ‚
1257 3046 1563 3119 paucissimi
1580 3064 1838 3109 numero,
1850 3046 2172 3106 conservant
2184 3069 2283 3107 au-

241 3128 322 3182 rei
339 3124 503 3183 seculi
517 3124 775 3202 gloriam,
791 3128 848 3182 δι
866 3141 1153 3200 uunquam
1173 3124 1273 3180 nisi
1289 3120 1353 3180 ad
1371 3124 1583 3181 reQum
1603 3122 1882 3199 suspirant.
1916 3128 2052 3183 Tuti
2075 3125 2187 3183 fine
2200 3128 2280 3184 le-

241 3203 402 3282 gibus
422 3242 439 3269 ,
466 3205 733 3280 quoniam
755 3201 872 3261 fine
882 3199 1078 3273 scelere
1095 3204 1336 3260 viventes
1348 3202 1581 3262 aemulos
1606 3204 1883 3280 patientiae
1898 3207 1949 3261 δι
1965 3206 2284 3266 constantia:

243 3300 444 3340 omnes
459 3283 765 3340 accendunt
778 3319 796 3342 ‚
837 3284 892 3339 δι
921 3281 1224 3339 hominum
1263 3296 1512 3340 mentem
1529 3280 1595 3339 ad
1610 3280 1852 3358 perversa
1870 3281 2034 3341 facile
2050 3284 2285 3361 degene-

246 3375 464 3419 rantem
504 3359 599 3416 suo
629 3360 886 3434 exemplo
911 3361 976 3416 ad
995 3361 1210 3417 redium
1225 3359 1582 3438 detorquent.
1647 3363 1731 3418 Fit
1766 3373 1951 3418 tamen
1985 3364 2283 3441 aliquando

245 3455 315 3499 ut
330 3439 506 3516 longo
521 3435 757 3494 discursu
779 3435 1100 3495 insularibus
1114 3441 1247 3496 affls
1263 3475 1279 3497 ‚
1319 3439 1407 3496 vel
1424 3452 1607 3497 morte
1624 3440 1915 3497 diminutis
1936 3480 1951 3505 ,
1982 3444 2045 3499 ad
2069 3461 2281 3501 novum

288 3536 481 3575 ermen
500 3514 691 3591 sponte
705 3516 796 3572 sua
810 3515 986 3573 insula
1006 3518 1099 3574 ista
1109 3516 1384 3575 cohaereat
1396 3520 1709 3576 continenti
1730 3558 1746 3581 ,
1777 3537 1912 3577 mox
1932 3522 2117 3596 probis
2131 3524 2285 3579 inco-

245 3538 317 3655 fis
334 3595 555 3654 exculta
568 3630 585 3655 2
619 3595 831 3652 recedat
845 3594 914 3653 ab
928 3595 1107 3653 alieno
1125 3614 1259 3673 agro
1273 3633 1290 3657 2
1312 3603 1367 3657 δε
1385 3598 1666 3674 antiquam
1684 3599 2091 3676 navigationem
2112 3602 2127 3656 i
2135 3616 2283 3657 nter·

249 3674 376 3734 fuso
393 3676 532 3733 mari
552 3686 781 3751 repetat.

332 3758 412 3812 Ac
445 3756 695 3830 primum
731 3753 964 3828 impacta
1009 3753 1196 3828 Pyroeo
1221 3754 1493 3826 continuo
1519 3767 1788 3810 terrarum
1806 3756 1979 3812 traQu
2000 3758 2287 3832 occupavit

247 3835 563 3893 Graeciam.
606 3849 724 3909 quo
754 3846 1004 3908 tempore
1029 3831 1269 3890 celebres
1284 3832 1364 3889 illi
1385 3829 1592 3909 septem
1612 3830 1875 3906 sapientes
1889 3836 2036 3894 orbis
2058 3840 2292 3894 miracu-

2172 3912 2294 3971 lum
