2738 4475
844 284 1591 354 PaneVI·
2091 279 2227 352 681

459 404 584 455 Huc
609 394 682 453 nd
711 393 955 471 Rosetum
982 399 1113 452 vina
1132 415 1152 449 .·
1188 395 1338 452 nimis
1363 390 1546 451 breves

465 475 636 530 Flam
668 492 871 530 Μ
890 471 1044 550 ferre
1070 472 1188 531 volo
1215 472 1350 547 rosa,

470 557 625 609 Dum
651 571 733 608 res
767 549 838 620 <3-
867 566 988 607 atae
1002 588 1021 611 .
1066 549 1137 619 ό·
1157 550 1399 625 sororum

531 629 648 685 Fila
677 631 845 687 trium
865 632 1152 706 patiuntur
1178 644 1326 686 atra.

208 708 403 786 ltaque
415 725 554 785 puer
567 705 833 781 cyathum
848 706 1083 782 protulit
1112 706 1243 765 rofis
1272 703 1609 784 praecocibus
1637 702 1965 762 redimitum
1983 739 2004 770 ,
2035 705 2090 762 &
2107 703 2250 764 lem·

213 785 506 844 niscaturn.
546 786 801 862 Denique
831 787 984 844 idem
1019 787 1301 843 Macrinus
1322 780 1979 860 symposiarchareliquos
1993 786 2254 842 convivas

214 865 456 923 invitans
487 866 552 921 ad
584 876 784 941 potum
818 863 1143 924 tralatitium
1171 862 1259 921 his
1282 862 1587 941 genialibus
1602 859 2088 922 Bacchanaliorum
2100 862 2251 922 feriit

219 957 298 1001 ita
324 958 557 1002 cecinit:
1623 995 1628 1002 .

330 1003 348 1020 ⁹
470 1029 625 1079 Nunc
653 1024 728 1079 ei?
756 1021 1058 1088 bibendum,
1097 1041 1229 1080 nunc
1253 1021 1382 1097 pede
1411 1019 1568 1078 libero

472 1099 739 1173 Pulsanda
765 1104 919 1160 tellus
936 1122 954 1155 .·
995 1121 1126 1160 nunc
1157 1099 1445 1158 Saliaribus

526 1184 735 1236 ornare
760 1179 1014 1254 pulvinar
1050 1187 1286 1236 Deorum

611 1263 829 1334 Jempuo
862 1273 982 1315 erat
1008 1255 1462 1391 dapibusledales.

292 1415 488 1473 Nemo
505 1413 617 1472 fuit
632 1433 703 1472 ex
718 1412 962 1471 consessu
977 1416 1080 1491 qui
1099 1413 1333 1471 Macrini
1351 1413 1645 1490 ingenium
1663 1454 1680 1481 .
1696 1418 1750 1475 &
1764 1413 1993 1490 lepores.
2013 1410 2258 1493 salesque

214 1493 278 1549 in
310 1491 548 1550 dicendo
578 1511 646 1550 ex
677 1506 931 1567 tempore
948 1530 965 1556 ,
995 1510 1110 1548 non
1136 1490 1377 1548 laudaret
1396 1512 1409 1547 ε
1452 1496 1507 1551 &
1535 1492 1654 1552 haec
1682 1492 1828 1571 quafi
1847 1494 1909 1549 in
1924 1492 2255 1566 praeludium

203 1569 359 1648 jaeta
371 1567 527 1628 sunt.
558 1568 827 1648 liquidem
858 1568 1100 1645 superius
1128 1569 1282 1628 allata
1304 1584 1552 1646 repetens
1575 1571 1846 1630 affirmare
1862 1589 1979 1628 non
1990 1570 2254 1629 dubitabo

216 1662 384 1705 tuum
409 1686 424 1711 ,
455 1649 492 1703 ὁ
508 1649 756 1706 Macrine
775 1686 793 1712 ,
836 1647 1234 1707 Prometheum
1254 1648 1499 1718 Caucaso
1525 1649 1811 1728 alligatum
1828 1686 1847 1709 ,
1880 1649 2011 1710 &in
2024 1667 2255 1725 poenam

214 1727 361 1801 rapti
375 1724 406 1783 ὲ
430 1725 595 1783 Coelo
610 1727 756 1806 i'gnis
772 1725 841 1784 ab
850 1727 1034 1804 aquila
1046 1728 1356 1787 cruciatum
1375 1768 1393 1793 ,
1425 1747 1645 1786 merum
1663 1728 1766 1790 effe
1780 1741 2173 1786 commentum
2192 1730 2256 1786 iu

211 1823 383 1862 cunas
398 1806 684 1863 nutricum
702 1805 1102 1865 remittendum
1122 1830 1140 1874 ς
1180 1807 1278 1866 etfi
1309 1826 1372 1864 ea
1400 1805 1582 1866 fabula
1595 1809 1759 1885 origo
1774 1824 1960 1865 rerum
1998 1823 2255 1866 verarum

210 1882 323 1939 effe
336 1883 603 1942 videatur.
646 1885 798 1942 Nam
821 1883 1030 1942 Plinius
1042 1923 1061 1946 .
1077 1886 1178 1963 qui
1197 1891 1253 1946 &
1270 1884 1485 1961 plenius
1502 1924 1521 1951 ,
1536 1892 1590 1947 δι
1605 1886 1819 1963 planius
1836 1899 2049 1941 naturas
2064 1903 2255 1942 rerum

208 1959 2257 2121 mm52³,gssssrf3220231125m1222ff320222551222233122

205 2136 337 2176 cem
353 2135 417 2176 ac
434 2120 603 2178 veniae
618 2120 1032 2195 deprecatorem
1052 2120 1337 2180 restituiss'e
1352 2119 1596 2180 libertati
1614 2144 1627 2179 ε
1644 2126 1726 2179 lta
1740 2133 1926 2177 tamen
1941 2134 2004 2178 ut
2019 2118 2050 2178 ὲ
2065 2135 2257 2177 catena

205 2194 480 2256 annulum
498 2196 738 2258 ferreum
757 2239 775 2264 ,
805 2200 896 2257 cui
924 2196 955 2258 ὲ
972 2197 1216 2259 Caucaso
1231 2217 1335 2278 pro
1349 2198 1638 2258 adamante
1649 2197 1949 2257 frustillum
1983 2197 2253 2257 insertum

204 2274 340 2333 effet
354 2314 372 2341 ,
385 2277 940 2369 digitoindefinenter
950 2280 1199 2357 gestaret,
1214 2281 1343 2337 ut&
1360 2279 1597 2354 pristinae
1611 2278 1943 2353 captivitatis
1956 2316 1974 2343 ,
2009 2282 2065 2337 δι
2080 2277 2256 2335 liber·

205 2354 338 2411 tatis
351 2357 610 2413 restituta
628 2375 914 2433 nunquam
932 2356 1060 2416 effet
1075 2360 1155 2416 im
1163 2376 1405 2416 memor.
1464 2357 1629 2416 Unde
1654 2357 1896 2432 antiquis
1912 2356 2255 2415 annulorum

208 2429 340 2489 usus
354 2431 398 2489 is
412 2430 523 2490 fuit
535 2471 552 2497 ,
585 2447 650 2491 ut
678 2434 739 2491 in
768 2451 998 2510 gemma
1015 2432 1335 2508 symbolum
1350 2434 1577 2511 aliquod
1599 2434 1684 2490 vel
1703 2435 1932 2507 alicujus
1945 2452 2015 2490 ex
2032 2435 2256 2509 majori-

210 2508 318 2567 bus
333 2511 641 2588 imaginem
660 2507 1050 2586 insculperent,
1079 2528 1197 2587 quo
1212 2525 1476 2586 tanquam
1491 2510 1533 2577 ,fi
1579 2509 1677 2567 illo
1691 2510 1976 2586 flgnabant
1988 2512 2255 2586 epistolas:

209 2587 287 2646 fic
308 2587 576 2645 Lentulus
591 2586 678 2643 avi
698 2583 934 2664 figuram
954 2626 973 2652 ,
990 2586 1279 2647 Africanus
1294 2588 1504 2671 pati-isc
1565 2588 1715 2665 giem
1737 2625 1754 2651 ,
1785 2585 2052 2666 sphyngis
2070 2592 2255 2667 Augu·

212 2667 341 2725 stus.
382 2664 548 2722 Unde
567 2663 789 2722 Plautus
805 2705 824 2731 ,

376 2741 486 2800 Sub
503 2762 767 2817 gemmam
795 2759 914 2802 tuos
943 2755 1156 2820 penates
1172 2742 1416 2821 ,oberufis
1449 2741 1623 2804 habeo.

214 2822 393 2879 Porro
421 2820 697 2879 annulum
733 2822 915 2901 digito
943 2822 1190 2881 annulari
1219 2824 1309 2882 seu
1342 2835 1541 2901 quarto
1572 2820 1602 2881 ἓι
1617 2820 1821 2899 pollice
1835 2822 2017 2903 digito
2030 2821 2253 2882 finistrae

211 2919 409 2960 manus
441 2899 604 2958 inseri
631 2897 862 2959 solitum
877 2901 1109 2967 constat,
1120 2921 1189 2959 eo
1202 2901 1355 2981 quod
1372 2901 1502 2960 inde
1516 2919 1651 2959 vena
1664 2901 1754 2960 seu
1772 2922 1969 2962 nervus
1982 2900 2152 2980 usque
2184 2902 2255 2963 ad

210 2980 897 3135 fffffi‘zg‘xmffi
922 2980 2252 3138 Qm‘ffaessfffffiffiz'xffiz2:¹2¹}ssssss

213 3138 462 3195 rentibus
477 3137 718 3197 volvitur
736 3161 749 3195 ε
792 3143 848 3198 δι
863 3138 1114 3197 Annulus
1132 3177 1149 3203 ,
1161 3138 1314 3215 quod
1330 3139 1389 3195 in
1407 3135 1459 3195 se
1475 3138 1674 3216 pariter
1687 3144 1890 3204 redeat,
1906 3156 2034 3196 nam
2051 3137 2082 3199 a
2095 3142 2253 3199 Grae-
2307 3156 2310 3159 ·

215 3216 295 3271 cis
313 3219 507 3277 ὲηωιός
521 3216 695 3275 veluti
708 3218 769 3274 in
784 3214 835 3273 se
850 3217 1063 3275 rediens
1080 3239 1093 3275 ε
1133 3216 1282 3274 unde
1299 3218 1482 3280 Poeta,

376 3300 438 3349 In
456 3292 517 3369 fi
536 3294 642 3370 sua
661 3307 757 3371 per
779 3294 989 3371 vestigia
1016 3295 1263 3353 volvitur
1292 3313 1478 3352 mue.

215 3370 394 3427 Porro
407 3371 641 3430 annulus
656 3372 720 3430 ad
737 3374 949 3431 icienda
965 3373 1173 3432 foedera
1189 3372 1535 3433 dividebatur
1548 3371 1855 3449 antiquitus
1885 3399 1904 3443 ς
1940 3388 2004 3432 ut
2021 3372 2059 3431 fi
2075 3394 2247 3452 quau·

218 3449 297 3506 do
330 3447 469 3506 alter
496 3450 649 3508 alteri
664 3450 923 3509 obviasset
937 3491 955 3517 ,
985 3452 1175 3510 annuli
1206 3451 1452 3528 partibus
1484 3451 1727 3510 invicem
1734 3451 1945 3527 juufitis
1957 3455 2017 3511 in
2030 3451 2264 3524 foederi,

217 3527 315 3585 iai
335 3543 728 3605 argumentum
746 3567 763 3589 .
795 3531 1045 3607 antiquas
1060 3529 1475 3589 necessitudines
1490 3527 1918 3608 recognosceret.

297 3607 561 3698 Burrinus
576 3608 792 3682 adjecit3
820 3609 1109 3668 Hebraeum
1125 3609 1397 3685 populum
1412 3608 1556 3686 apud
1573 3607 1899 3683 Babylonios
1910 3611 2249 3685 exulantem,

215 3684 821 3839 233353233323?
824 3689 1558 3845 3:32231‘532352235
1552 3685 2107 3847 ffbfiffieizvffi
2114 3715 2248 3830 ¹133}

215 3841 444 3918 russlem
456 3882 474 3910 ‚
489 3843 725 3904 oblivioni
737 3846 897 3904 detur
912 3844 1137 3906 dextera
1152 3865 1285 3905 mea.

1218 3925 1269 4003 Y
1289 3940 1321 3981 v
1364 3941 1406 3997 5
2073 3925 2247 3987 Rose-
