2738 4475
954 210 1007 279 P
1116 231 1163 279 Α
1261 228 1313 281 R
1420 228 1456 277 s
1568 208 1670 279 v.-
2202 210 2339 305 569

537 311 754 389 Procax*
780 330 1038 405 iuventus
1068 331 1260 406 reperit
1285 329 1494 387 torridis

706 414 747 464 F
751 409 1015 465 ervoribus
1048 409 1272 465 modum.

378 487 519 545 Tam
542 487 655 544 leni
673 487 967 543 concordia
983 486 1047 544 ad
1068 505 1262 542 vocem
1282 484 1524 563 pulsabat
1542 480 1851 539 resonantes
1879 476 2109 538 citharae
2138 496 2346 548 nervos,

294 577 360 622 ut
379 568 638 623 Sirenum
657 578 1013 641 contemptor
1029 564 1246 640 Ulyss‘es
1263 605 1278 628 ,
1308 563 1491 621 arbori
1511 563 1659 619 navis
1672 560 1923 638 alligatus
1942 598 1959 622 ‚
1999 557 2220 615 vincula
2249 560 2337 616 di-

297 643 546 721 rupisset,
566 644 730 701 etiarn
750 662 878 700 cum
897 644 1144 719 periculo
1164 662 1377 700 novum
1399 642 1603 697 Ariona
1619 641 1842 716 propius
1857 637 2156 696 auditurus.
2176 637 2344 697 Oculi

293 722 360 779 ad
379 722 605 780 finistrae
623 741 813 778 manus
832 738 1054 780 motum
1074 723 1138 780 ad
1148 721 1412 778 haerentes
1426 719 1696 778 addebant
1711 719 1928 777 canenti
1987 717 2205 779 ratiam,
2218 718 2351 775 Mu·

295 799 476 858 sarum
499 804 552 859 &
571 801 863 859 Charitum
877 791 1045 859 dulce
1064 812 1590 874 temperamentum.
1652 799 1752 854 His
1773 839 1791 864 ,
1822 811 1919 856 aut
1980 795 2209 853 milibus
2226 814 2352 852 mo-
2472 859 2475 862 Δ

245 925 256 942 .
295 880 401 944 dis,
424 879 457 937 a
472 880 756 937 Deidamia
777 880 1042 958 gaudium
1064 877 1305 936 Achilles
1320 876 1562 934 extorsit.
1613 879 1765 933 Tum
1799 877 2036 933 demum
2051 874 2350 950 languente

295 955 529 1015 brachio
544 958 809 1017 citharam
827 957 1047 1015 demisit
1062 959 1120 1015 in
1140 970 1341 1015 terram
1362 996 1382 1021 ,
1410 954 1759 1032 complicatis
1777 955 1976 1011 deinde
1991 953 2218 1029 pedibus
2233 992 2251 1017 ‚
2290 957 2348 1013 δι

298 1037 498 1094 dextro
514 1038 704 1096 cubito
721 1038 888 1115 genui
910 1036 1198 1113 impresso.
1237 1034 1308 1093 fic
1339 1035 1406 1092 ad
1436 1034 1793 1109 Daphnidem
1841 1034 1961 1111 (qui
1988 1030 2087 1088 sub
2100 1030 2347 1106 ejusdem

296 1114 502 1173 arboris
525 1117 722 1174 umbra
735 1115 972 1190 sedebat)
1005 1134 1137 1173 cum
1156 1112 1418 1190 lacrymis
1436 1110 1587 1171 infit:
1643 1112 1803 1170 Mille
1818 1117 1919 1169 no‘s
1931 1108 2076 1169 casus
2091 1112 2347 1187 quotidie

295 1192 569 1254 collidunt
585 1235 602 1260 .
631 1194 720 1252 sed
788 1191 1038 1253 enetosus
1070 1196 1290 1252 animus
1307 1195 1621 1251 concitatus
1634 1191 1703 1249 ad
1721 1190 1943 1249 honesta
1958 1229 1975 1254 ,
2005 1201 2100 1248 aut
2115 1187 2255 1247 nihil
2271 1192 2344 1247 ti·

294 1288 416 1331 met
432 1313 448 1338 ‚
462 1290 557 1332 aut
573 1273 614 1330 si
629 1274 693 1332 ad
768 1273 921 1351 iquid
938 1270 1249 1352 expavescit
1260 1312 1277 1338 ,
1297 1272 1508 1329 malum
1528 1269 1666 1329 illud
1682 1271 1776 1328 est.
1835 1269 2038 1327 Nescio
2052 1287 2122 1327 an
2138 1268 2345 1327 adoles·

291 1354 491 1410 centiae
510 1372 650 1410 meae
682 1354 877 1431 vigor,
913 1372 984 1410 an
1019 1352 1280 1409 naturalis
1310 1352 1589 1426 impetus,
1625 1349 1689 1405 ad
1721 1347 2010 1407 libidinem
2043 1347 2351 1425 proclivior

291 1428 480 1487 fuerit.
537 1432 662 1508 Jam
678 1429 799 1487 sero
815 1470 831 1493 .
855 1434 1039 1488 immo
1057 1448 1191 1487 vero
1201 1430 1320 1503 jam
1339 1445 1491 1485 nunc
1509 1465 1527 1490 ‚
1562 1426 1802 1486 stultitiae
1822 1447 1961 1485 meae
1977 1445 2070 1490 me
2086 1428 2344 1502 poenitet.

291 1513 351 1569 δι
366 1507 576 1583 pallido
594 1510 830 1565 horrore
844 1507 910 1564 ad
926 1508 1118 1564 omnia
1147 1498 1663 1564 blandimentorum
1700 1508 1931 1564 nomina
1958 1505 2344 1580 qontremisco.

295 1587 402 1642 Sed
436 1586 708 1662 quoniam
739 1585 902 1661 jubes
934 1605 1062 1645 me.
1096 1584 1634 1661 Daphni,deliriutn
1655 1604 1845 1642 meum
1866 1585 2212 1653 meminiss‘e3
2256 1587 2345 1644 vel

288 1662 440 1720 iratis
473 1665 642 1721 etiam
661 1663 1029 1740 Cupidinibus
1045 1703 1061 1729 ,
1091 1670 1145 1725 δι
1162 1666 1374 1722 mirum
1399 1671 1451 1723 δι
1473 1662 1674 1720 saevum
1692 1663 1805 1721 fine
1822 1682 1983 1721 mora
1999 1663 2340 1720 memorabo.

377 1741 548 1798 Ilium
567 1761 636 1799 ex
657 1744 890 1819 negotio
904 1742 1174 1818 petebam.
1233 1745 1396 1801 Forte
1416 1742 1622 1801 Paetoli
1641 1743 1891 1800 fluminis
1910 1744 1970 1800 in
1987 1743 2102 1818 ripa
2120 1740 2351 1801 Ilienses·

294 1820 780 1898 mulieresJunoni
794 1817 1176 1880 sacrificaturae
1208 1823 1456 1880 exierant
1491 1821 1695 1879 muris:
1740 1839 1935 1879 omnes
1964 1824 2004 1880 fi
2039 1839 2154 1877 non
2185 1821 2338 1881 Deae.

288 1896 442 1954 credi
461 1913 650 1958 tamen
669 1911 925 1974 poterant
944 1921 957 1956 :
975 1906 1031 1962 δε
1050 1897 1229 1958 forsan
1249 1902 1397 1960 inter
1412 1915 1500 1958 tot
1516 1900 1752 1960 calentes
1767 1899 2133 1958 formosarum
2154 1897 2348 1956 foemi-

285 1993 489 2034 narum
510 1974 653 2044 finus
669 2017 686 2043 ,
703 1976 904 2035 melius
957 1997 1088 2036 uam
1106 1980 1166 2037 in
1183 1979 1449 2057 Cypridis
1460 1979 1683 2057 gremio
1698 1980 1956 2037 nondum
1977 1979 2100 2037 satis
2110 1975 2343 2035 defletus

276 2053 515 2131 Assyriis
531 2055 746 2114 Adonis
758 1997 1013 2116 latuisset.
1064 2057 1296 2115 Cunctis
1315 2059 1596 2116 eximium
1615 2056 2224 2134 pulchritudinisaureae
2239 2056 2338 2112 de·

278 2150 410 2198 cus,
446 2136 720 2193 amantius
748 2147 934 2192 tamen
969 2137 1030 2192 in
1064 2154 1173 2194 una
1188 2134 1426 2193 nitebat.
1488 2138 1701 2211 Utpote
1715 2136 1872 2211 cujus
1883 2137 2040 2213 genis
2054 2134 2338 2194 nixinhae·

285 2230 412 2271 rens
432 2232 711 2292 purpureo
731 2212 1037 2272 madefacta
1052 2211 1317 2293 languine
1332 2252 1351 2275 ‚
1368 2213 1723 2292 extingueret
1744 2213 1992 2274 rosarum
2013 2213 2335 2275 &liliorum

282 2293 508 2350 nativos
541 2293 769 2351 colores.
824 2292 1131 2352 Colle-&am
1163 2291 1365 2351 frontis
1400 2293 1725 2350 modestiam
1752 2291 1963 2369 duplici
1981 2292 2335 2352 semicirculo

283 2369 453 2428 instar
484 2370 771 2430 crescentis
801 2375 972 2429 Lunae
1006 2370 1259 2450 aequabili
1296 2370 1619 2433 meditullio
1649 2370 1934 2449 supercilia
1964 2373 2123 2449 nigra
2140 2374 2337 2449 cinge-

283 2447 425 2507 bant
445 2474 462 2517 ς
506 2450 709 2509 radiata
721 2450 1322 2508 luminaimminebant
1338 2449 1468 2508 naso
1485 2490 1503 2517 ‚
1535 2455 1591 2512 &
1620 2450 1792 2508 veluti
1807 2449 1839 2506 ὲ
1855 2449 1998 2519 vallo
2012 2452 2073 2507 in
2318 2488 2337 2514 .

282 2525 604 2586 inevitabile
641 2528 869 2586 Amoris
894 2529 1073 2586 telum
1108 2527 1195 2585 vel
1212 2532 1268 2587 δι
1283 2530 1343 2588 in
1359 2529 1719 2588 innocentem
1743 2525 2100 2602 speetatorem
2162 2545 2231 2583 ne
2241 2527 2337 2584 de-

288 2603 438 2663 lectu
457 2605 806 2683 torquebant.
881 2606 1005 2682 Jam
1038 2606 1215 2663 crines
1248 2606 1313 2665 ad
1350 2608 1729 2683 captivitatem
1752 2606 1883 2664 flexi
1904 2645 1919 2670 .
1956 2619 2099 2683 quot
2110 2604 2338 2665 orbibus

288 2683 646 2741 vibrabantur
660 2682 727 2741 ad
783 2685 974 2742 ratiam
993 2724 1010 2748 ,
1043 2684 1278 2743 totidem
1313 2687 1521 2764 laqueis
1551 2685 1854 2745 hominum
1871 2683 2105 2743 libertati
2122 2681 2339 2745 infidias

293 2758 572 2819 fecerant:
615 2763 744 2838 &ip
811 2780 1115 2840 purpureus
1131 2763 1187 2819 in
1205 2761 1359 2822 labiis
1371 2765 1561 2826 color,
1583 2763 2333 2829 videbatur‚humanicruo-

286 2839 365 2896 ris
384 2841 658 2898 continuo
751 2855 812 2898 tu
831 2842 890 2899 in
908 2856 1126 2900 tantum
1147 2841 1405 2901 ruborem
1439 2844 1654 2901 venisse.
1711 2843 1913 2900 Cervix
1944 2842 2093 2907 alba,
2133 2846 2190 2902 δι
2220 2841 2337 2898 sine

285 2922 654 2994 gemmarum
690 2919 885 2998 ulgore
898 2917 1023 2979 satis
1039 2918 1144 2978 suis
1158 2920 1369 2980 deliciis
1391 2921 1572 2980 ferox.
1621 2920 1773 2981 Infra
1789 2923 2001 2999 gemini
2017 2919 2192 2982 folles,
2214 2924 2333 2978 Cu-

278 2996 532 3074 pidinem
555 2998 928 3076 undequaque
942 2997 1200 3074 spirantes
1218 3042 1234 3069 ,
1272 3002 1556 3061 incentivo
1588 3004 1645 3059 δι
1673 3000 1737 3057 ad
1754 3001 2031 3074 pruritum
2048 3002 2217 3056 etiam
2237 2998 2333 3056 fri-

288 3076 450 3152 gidos
465 3079 739 3136 invitante
755 3090 913 3135 motu
931 3077 1259 3137 sororiantes
1277 3078 1563 3157 pulsabant
1579 3077 1883 3156 papillulas.
1896 3081 1950 3136 ὃ(
1967 3077 1996 3134 ὲ
2012 3076 2112 3134 suo
2127 3075 2336 3135 subsul-

227 3164 234 3169 '
291 3165 356 3209 tu
373 3153 697 3214 lumborum
716 3154 996 3223 levitatem
1016 3158 1329 3217 indicabant
1345 3157 1697 3216 amatoribus.
1758 3154 1920 3212 Nihil
1937 3152 2150 3213 vetabat
2170 3156 2234 3211 ad
2245 3175 2336 3213 ve-

291 3248 423 3288 nam
439 3234 725 3293 cultorum
744 3236 920 3293 turbat
937 3235 1187 3294 adscribi.
1213 3238 1433 3294 Etenim
1456 3237 1593 3294 sicut
1610 3235 1888 3298 divinitas,
1906 3230 1976 3291 fic
1994 3232 2176 3290 forma
2198 3237 2337 3307 (coe

290 3308 421 3367 leste
437 3312 678 3388 donum)
693 3312 1029 3372 laudatorem
1049 3314 1268 3375 nullum
1282 3316 1312 3374 a
1330 3316 1483 3373 cultu
1505 3312 1600 3372 suo
1616 3314 1879 3371 semovet.

373 3394 678 3450 contremui
691 3429 707 3451 ‚
740 3391 940 3468 sensere
974 3412 1137 3450 novas
1159 3395 1436 3469 precordia
1455 3393 1739 3471 flammas5
1818 3392 1823 3395 ’

443 3469 606 3545 Haefit
637 3468 707 3539 ό·
738 3474 793 3528 in
821 3471 988 3529 vultu
1006 3509 1023 3534 ,
1062 3474 1157 3547 qui
1176 3470 1298 3549 fuit
1329 3478 1473 3530 intus
1494 3511 1511 3536 ,
1554 3479 1737 3529 Amor.

353 3548 528 3606 Haud
558 3548 714 3605 aliter
740 3552 900 3607 nivea
931 3549 1164 3626 depastus
1193 3569 1368 3608 amore
1393 3554 1621 3627 juvenca

433 3632 646 3683 Taurus
679 3631 790 3703 agit
813 3625 1059 3703 spumas,
1108 3625 1179 3694 ό·
1204 3628 1332 3704 pede
1349 3630 1494 3703 saxa
1517 3628 1673 3705 ferie.

329 3706 456 3763 Nec
474 3723 635 3761 mora
650 3742 668 3767 ‚
690 3703 996 3763 stimulatus
1013 3705 1205 3763 ardore
1224 3746 1240 3770 ,
1264 3706 1470 3770 accessi,
1485 3723 1650 3784 atque
1666 3706 1741 3761 ita
1761 3704 2109 3779 compellavi.
2155 3707 2333 3763 Crede

263 3783 419 3845 mihi
437 3783 693 3851 domina,
710 3782 801 3845 sax
818 3802 1008 3844 recens
1023 3783 1088 3844 ad
1105 3782 1242 3845 illud
1258 3785 1581 3920 incquium
1604 3796 1757 3859 parat
1772 3779 1841 3840 se.
1886 3784 2063 3860 Qod
2084 3783 2125 3841 si
2156 3785 2334 3874 negli-

1478 3882 1517 3922 Π
1555 3882 1598 3939 5
1830 3886 1841 3902 '
2228 3879 2331 3939 8¹³·

597 3946 628 3963 d
