<?xml version="1.0" encoding="UTF-8"?>
<!DOCTYPE html PUBLIC "-//W3C//DTD XHTML 1.0 Transitional//EN"
    "http://www.w3.org/TR/xhtml1/DTD/xhtml1-transitional.dtd">
<html xmlns="http://www.w3.org/1999/xhtml" xml:lang="en" lang="en">
 <head>
  <title>
</title>
<meta http-equiv="Content-Type" content="text/html;charset=utf-8" />
  <meta name='ocr-system' content='tesseract 3.04.00' />
  <meta name='ocr-capabilities' content='ocr_page ocr_carea ocr_par ocr_line ocrx_word'/>
</head>
<body>
  <div class='ocr_page' id='page_1' title='image "./euphormionislus00barcgoog_0202.png"; bbox 0 0 2738 4475; ppageno 0'>
   <div class='ocr_carea' id='block_1_1' title="bbox 331 204 2585 3397">
    <p class='ocr_par' dir='ltr' id='par_1_1' title="bbox 331 204 2273 529">
     <span class='ocr_line' id='line_1_1' title="bbox 465 204 1995 307; baseline -0.003 -24"><span class='ocrx_word' id='word_1_1' title='bbox 465 215 601 283; x_wconf 72' lang='lat'>160</span> <span class='ocrx_word' id='word_1_2' title='bbox 928 204 1444 307; x_wconf 65' lang='lat' dir='ltr'>Eurfiomw.</span> <span class='ocrx_word' id='word_1_3' title='bbox 1497 215 1995 291; x_wconf 56' lang='lat' dir='ltr'>San-vatter</span> 
     </span>
     <span class='ocr_line' id='line_1_2' title="bbox 331 322 1951 429; baseline -0.004 -25"><span class='ocrx_word' id='word_1_4' title='bbox 331 362 348 383; x_wconf 39' lang='grc' dir='ltr'><strong><em>ἠ</em></strong></span> <span class='ocrx_word' id='word_1_5' title='bbox 440 348 455 362; x_wconf 85' lang='grc'><em>”</em></span> <span class='ocrx_word' id='word_1_6' title='bbox 544 331 822 403; x_wconf 65' lang='lat' dir='ltr'>viderem</span> <span class='ocrx_word' id='word_1_7' title='bbox 850 328 1078 429; x_wconf 54' lang='lat' dir='ltr'>sensere</span> <span class='ocrx_word' id='word_1_8' title='bbox 1115 335 1220 405; x_wconf 78' lang='lat' dir='ltr'>Dii</span> <span class='ocrx_word' id='word_1_9' title='bbox 1238 379 1262 415; x_wconf 87' lang='lat'><strong>,</strong></span> <span class='ocrx_word' id='word_1_10' title='bbox 1306 336 1323 368; x_wconf 86' lang='lat'><strong>¹</strong></span> <span class='ocrx_word' id='word_1_11' title='bbox 1347 322 1652 422; x_wconf 79' lang='lat' dir='ltr'><em>tecumque</em></span> <span class='ocrx_word' id='word_1_12' title='bbox 1684 332 1951 421; x_wconf 77' lang='lat' dir='ltr'>loquutus</span> 
     </span>
     <span class='ocr_line' id='line_1_3' title="bbox 501 426 2273 529; baseline -0.001 -32"><span class='ocrx_word' id='word_1_13' title='bbox 501 494 504 497; x_wconf 84' lang='lat'>.</span> <span class='ocrx_word' id='word_1_14' title='bbox 551 428 924 523; x_wconf 75' lang='lat' dir='ltr'>Horriferum</span> <span class='ocrx_word' id='word_1_15' title='bbox 960 431 1200 527; x_wconf 73' lang='lat' dir='ltr'>Ajacem</span> <span class='ocrx_word' id='word_1_16' title='bbox 1235 432 1471 502; x_wconf 75' lang='lat' dir='ltr'>timidus</span> <span class='ocrx_word' id='word_1_17' title='bbox 1507 426 1747 522; x_wconf 72' lang='lat' dir='ltr'>confecit</span> <span class='ocrx_word' id='word_1_18' title='bbox 1780 428 2013 529; x_wconf 75' lang='lat' dir='ltr'>Ulyffis.</span> <span class='ocrx_word' id='word_1_19' title='bbox 2266 508 2273 515; x_wconf 24' lang='lat'><strong>⁹</strong></span> 
     </span>
    </p>

    <p class='ocr_par' dir='ltr' id='par_1_2' title="bbox 337 514 2585 3397">
     <span class='ocr_line' id='line_1_4' title="bbox 448 514 2487 626; baseline -0.002 -27"><span class='ocrx_word' id='word_1_20' title='bbox 448 529 780 600; x_wconf 84' lang='lat' dir='ltr'>Caeterum</span> <span class='ocrx_word' id='word_1_21' title='bbox 799 530 971 626; x_wconf 91' lang='lat' dir='ltr'>quod</span> <span class='ocrx_word' id='word_1_22' title='bbox 990 533 1056 600; x_wconf 90' lang='lat' dir='ltr'>in</span> <span class='ocrx_word' id='word_1_23' title='bbox 1079 533 1288 626; x_wconf 87' lang='lat' dir='ltr'>pueris</span> <span class='ocrx_word' id='word_1_24' title='bbox 1306 529 1401 602; x_wconf 87' lang='lat' dir='ltr'>est</span> <span class='ocrx_word' id='word_1_25' title='bbox 1414 526 1709 599; x_wconf 84' lang='lat' dir='ltr'>severitas</span> <span class='ocrx_word' id='word_1_26' title='bbox 1733 548 2071 623; x_wconf 83' lang='lat' dir='ltr'>parentum</span> <span class='ocrx_word' id='word_1_27' title='bbox 2085 565 2108 606; x_wconf 82' lang='lat'>‚</span> <span class='ocrx_word' id='word_1_28' title='bbox 2129 543 2230 594; x_wconf 85' lang='lat' dir='ltr'>aut</span> <span class='ocrx_word' id='word_1_29' title='bbox 2245 514 2487 623; x_wconf 82' lang='lat' dir='ltr'>suppli·-</span> 
     </span>
     <span class='ocr_line' id='line_1_5' title="bbox 446 625 2486 724; baseline -0.002 -27"><span class='ocrx_word' id='word_1_30' title='bbox 446 628 531 697; x_wconf 81' lang='lat' dir='ltr'>eii</span> <span class='ocrx_word' id='word_1_31' title='bbox 549 629 749 697; x_wconf 89' lang='lat' dir='ltr'>timor</span> <span class='ocrx_word' id='word_1_32' title='bbox 767 668 790 705; x_wconf 84' lang='lat'>,</span> <span class='ocrx_word' id='word_1_33' title='bbox 820 626 979 698; x_wconf 88' lang='lat' dir='ltr'>illud</span> <span class='ocrx_word' id='word_1_34' title='bbox 994 630 1159 700; x_wconf 90' lang='lat' dir='ltr'>mihi</span> <span class='ocrx_word' id='word_1_35' title='bbox 1177 651 1310 701; x_wconf 91' lang='lat' dir='ltr'>erat</span> <span class='ocrx_word' id='word_1_36' title='bbox 1332 628 1676 724; x_wconf 84' lang='lat' dir='ltr'>pertinacia</span> <span class='ocrx_word' id='word_1_37' title='bbox 1696 626 1899 697; x_wconf 84' lang='lat' dir='ltr'>virilis</span> <span class='ocrx_word' id='word_1_38' title='bbox 1918 665 1940 704; x_wconf 83' lang='lat'>‚</span> <span class='ocrx_word' id='word_1_39' title='bbox 1983 628 2049 696; x_wconf 76' lang='grc' dir='ltr'>δι’</span> <span class='ocrx_word' id='word_1_40' title='bbox 2076 625 2316 722; x_wconf 86' lang='lat' dir='ltr'>proprii</span> <span class='ocrx_word' id='word_1_41' title='bbox 2332 648 2486 694; x_wconf 87' lang='lat' dir='ltr'>con·</span> 
     </span>
     <span class='ocr_line' id='line_1_6' title="bbox 337 720 2485 825; baseline -0.003 -26"><span class='ocrx_word' id='word_1_42' title='bbox 337 794 344 799; x_wconf 79' lang='grc'>,</span> <span class='ocrx_word' id='word_1_43' title='bbox 445 722 568 795; x_wconf 85' lang='lat' dir='ltr'>filii</span> <span class='ocrx_word' id='word_1_44' title='bbox 602 724 929 797; x_wconf 90' lang='lat' dir='ltr'>decretum</span> <span class='ocrx_word' id='word_1_45' title='bbox 950 775 974 811; x_wconf 88' lang='lat'><strong>,</strong></span> <span class='ocrx_word' id='word_1_46' title='bbox 1011 746 1079 797; x_wconf 91' lang='lat' dir='ltr'>ut</span> <span class='ocrx_word' id='word_1_47' title='bbox 1114 728 1416 825; x_wconf 87' lang='lat' dir='ltr'>improbo</span> <span class='ocrx_word' id='word_1_48' title='bbox 1436 724 1651 797; x_wconf 88' lang='lat' dir='ltr'>labore</span> <span class='ocrx_word' id='word_1_49' title='bbox 1670 725 1867 796; x_wconf 84' lang='lat' dir='ltr'>aetatis</span> <span class='ocrx_word' id='word_1_50' title='bbox 1890 720 2296 820; x_wconf 77' lang='lat' dir='ltr'>dispendium</span> <span class='ocrx_word' id='word_1_51' title='bbox 2314 721 2485 793; x_wconf 67' lang='lat' dir='ltr'>redi³</span> 
     </span>
     <span class='ocr_line' id='line_1_7' title="bbox 443 819 2482 926; baseline -0.001 -32"><span class='ocrx_word' id='word_1_52' title='bbox 443 846 710 894; x_wconf 80' lang='lat' dir='ltr'><strong>merem.</strong></span> <span class='ocrx_word' id='word_1_53' title='bbox 745 826 851 894; x_wconf 85' lang='lat' dir='ltr'>Et</span> <span class='ocrx_word' id='word_1_54' title='bbox 881 826 989 922; x_wconf 88' lang='lat' dir='ltr'>qui</span> <span class='ocrx_word' id='word_1_55' title='bbox 1028 826 1354 926; x_wconf 88' lang='lat' dir='ltr'>quondam</span> <span class='ocrx_word' id='word_1_56' title='bbox 1397 828 1528 917; x_wconf 82' lang='lat' dir='ltr'>jam</span> <span class='ocrx_word' id='word_1_57' title='bbox 1547 822 1789 896; x_wconf 83' lang='lat' dir='ltr'>severus</span> <span class='ocrx_word' id='word_1_58' title='bbox 1810 824 2049 893; x_wconf 84' lang='lat' dir='ltr'>alienos</span> <span class='ocrx_word' id='word_1_59' title='bbox 2069 819 2482 918; x_wconf 76' lang='lat' dir='ltr'>pensaveram</span> 
     </span>
     <span class='ocr_line' id='line_1_8' title="bbox 435 918 2489 1025; baseline -0.002 -32"><span class='ocrx_word' id='word_1_60' title='bbox 435 945 674 999; x_wconf 73' lang='lat' dir='ltr'>mores,</span> <span class='ocrx_word' id='word_1_61' title='bbox 692 922 952 995; x_wconf 86' lang='lat' dir='ltr'>tandem</span> <span class='ocrx_word' id='word_1_62' title='bbox 973 924 1235 998; x_wconf 88' lang='lat' dir='ltr'>eruditis</span> <span class='ocrx_word' id='word_1_63' title='bbox 1256 923 1756 1025; x_wconf 76' lang='lat' dir='ltr'>cogitationibus</span> <span class='ocrx_word' id='word_1_64' title='bbox 1773 925 2051 995; x_wconf 83' lang='lat' dir='ltr'>intentus</span> <span class='ocrx_word' id='word_1_65' title='bbox 2072 918 2489 1017; x_wconf 79' lang='lat' dir='ltr'>supervacuas</span> 
     </span>
     <span class='ocr_line' id='line_1_9' title="bbox 439 1015 2489 1124; baseline -0.001 -35"><span class='ocrx_word' id='word_1_66' title='bbox 439 1015 780 1093; x_wconf 87' lang='lat' dir='ltr'>omiseram</span> <span class='ocrx_word' id='word_1_67' title='bbox 813 1045 1035 1117; x_wconf 76' lang='lat' dir='ltr'>curas3</span> <span class='ocrx_word' id='word_1_68' title='bbox 1083 1049 1230 1097; x_wconf 89' lang='lat' dir='ltr'>cum</span> <span class='ocrx_word' id='word_1_69' title='bbox 1253 1025 1761 1124; x_wconf 84' lang='lat' dir='ltr'>Acignianorum</span> <span class='ocrx_word' id='word_1_70' title='bbox 1784 1016 2086 1092; x_wconf 78' lang='lat' dir='ltr'>discordia</span> <span class='ocrx_word' id='word_1_71' title='bbox 2103 1062 2125 1098; x_wconf 84' lang='lat'>,</span> <span class='ocrx_word' id='word_1_72' title='bbox 2164 1039 2312 1116; x_wconf 77' lang='lat' dir='ltr'>quat</span> <span class='ocrx_word' id='word_1_73' title='bbox 2331 1019 2489 1087; x_wconf 77' lang='lat' dir='ltr'>illos</span> 
     </span>
     <span class='ocr_line' id='line_1_10' title="bbox 439 1114 2484 1222; baseline -0.002 -34"><span class='ocrx_word' id='word_1_74' title='bbox 439 1118 508 1188; x_wconf 90' lang='lat' dir='ltr'>in</span> <span class='ocrx_word' id='word_1_75' title='bbox 547 1119 848 1219; x_wconf 82' lang='lat' dir='ltr'>Delphio</span> <span class='ocrx_word' id='word_1_76' title='bbox 884 1144 1031 1194; x_wconf 87' lang='lat' dir='ltr'>cum</span> <span class='ocrx_word' id='word_1_77' title='bbox 1064 1121 1435 1222; x_wconf 78' lang='lat' dir='ltr'>quibusdam</span> <span class='ocrx_word' id='word_1_78' title='bbox 1476 1117 1675 1195; x_wconf 86' lang='lat' dir='ltr'>etiam</span> <span class='ocrx_word' id='word_1_79' title='bbox 1716 1120 1982 1193; x_wconf 88' lang='lat' dir='ltr'>literatis</span> <span class='ocrx_word' id='word_1_80' title='bbox 2001 1114 2484 1200; x_wconf 80' lang='lat' dir='ltr'>committebat,</span> 
     </span>
     <span class='ocr_line' id='line_1_11' title="bbox 441 1214 2486 1322; baseline -0.003 -32"><span class='ocrx_word' id='word_1_81' title='bbox 441 1240 550 1290; x_wconf 88' lang='lat' dir='ltr'>me</span> <span class='ocrx_word' id='word_1_82' title='bbox 585 1215 666 1287; x_wconf 90' lang='lat' dir='ltr'>ad</span> <span class='ocrx_word' id='word_1_83' title='bbox 698 1218 1024 1315; x_wconf 85' lang='lat' dir='ltr'>pristinam</span> <span class='ocrx_word' id='word_1_84' title='bbox 1043 1222 1561 1322; x_wconf 80' lang='lat' dir='ltr'>indignationem</span> <span class='ocrx_word' id='word_1_85' title='bbox 1574 1219 1850 1294; x_wconf 76' lang='lat' dir='ltr'>reduxit.</span> <span class='ocrx_word' id='word_1_86' title='bbox 1904 1215 2074 1292; x_wconf 78' lang='lat' dir='ltr'>Proh</span> <span class='ocrx_word' id='word_1_87' title='bbox 2094 1238 2259 1286; x_wconf 83' lang='lat' dir='ltr'>eaeca</span> <span class='ocrx_word' id='word_1_88' title='bbox 2283 1214 2486 1284; x_wconf 80' lang='lat' dir='ltr'>vitio-</span> 
     </span>
     <span class='ocr_line' id='line_1_12' title="bbox 439 1312 2483 1418; baseline -0.001 -33"><span class='ocrx_word' id='word_1_89' title='bbox 439 1340 578 1386; x_wconf 85' lang='lat' dir='ltr'>rum</span> <span class='ocrx_word' id='word_1_90' title='bbox 611 1315 815 1388; x_wconf 89' lang='lat' dir='ltr'>libido</span> <span class='ocrx_word' id='word_1_91' title='bbox 841 1320 859 1390; x_wconf 77' lang='lat' dir='ltr'>l</span> <span class='ocrx_word' id='word_1_92' title='bbox 918 1319 1079 1416; x_wconf 87' lang='lat' dir='ltr'>proh</span> <span class='ocrx_word' id='word_1_93' title='bbox 1116 1344 1324 1393; x_wconf 86' lang='lat' dir='ltr'>rerum</span> <span class='ocrx_word' id='word_1_94' title='bbox 1362 1323 1769 1394; x_wconf 86' lang='lat' dir='ltr'>minimarum</span> <span class='ocrx_word' id='word_1_95' title='bbox 1816 1320 1891 1389; x_wconf 85' lang='lat' dir='ltr'>in</span> <span class='ocrx_word' id='word_1_96' title='bbox 1906 1316 2192 1418; x_wconf 84' lang='lat' dir='ltr'>ingentia</span> <span class='ocrx_word' id='word_1_97' title='bbox 2208 1312 2483 1412; x_wconf 82' lang='lat' dir='ltr'>crimina</span> 
     </span>
     <span class='ocr_line' id='line_1_13' title="bbox 439 1411 2484 1519; baseline -0.002 -34"><span class='ocrx_word' id='word_1_98' title='bbox 439 1411 530 1485; x_wconf 85' lang='lat' dir='ltr'>sat</span> <span class='ocrx_word' id='word_1_99' title='bbox 566 1436 855 1512; x_wconf 79' lang='lat' dir='ltr'>patentes</span> <span class='ocrx_word' id='word_1_100' title='bbox 874 1418 1176 1519; x_wconf 80' lang='lat' dir='ltr'>angustiae</span> <span class='ocrx_word' id='word_1_101' title='bbox 1198 1430 1214 1493; x_wconf 75' lang='grc' dir='ltr'><strong>Ξ</strong></span> <span class='ocrx_word' id='word_1_102' title='bbox 1270 1423 1436 1494; x_wconf 89' lang='lat' dir='ltr'>Non</span> <span class='ocrx_word' id='word_1_103' title='bbox 1456 1420 1682 1493; x_wconf 82' lang='lat' dir='ltr'>leviori</span> <span class='ocrx_word' id='word_1_104' title='bbox 1700 1413 2161 1490; x_wconf 65' lang='lat' dir='ltr'>collidebantur</span> <span class='ocrx_word' id='word_1_105' title='bbox 2181 1413 2484 1485; x_wconf 68' lang='lat' dir='ltr'>certamia</span> 
     </span>
     <span class='ocr_line' id='line_1_14' title="bbox 444 1510 2487 1621; baseline -0.001 -37"><span class='ocrx_word' id='word_1_106' title='bbox 444 1536 528 1584; x_wconf 84' lang='lat' dir='ltr'>ne</span> <span class='ocrx_word' id='word_1_107' title='bbox 546 1560 567 1592; x_wconf 86' lang='lat'>‚</span> <span class='ocrx_word' id='word_1_108' title='bbox 589 1540 721 1586; x_wconf 92' lang='lat' dir='ltr'>non</span> <span class='ocrx_word' id='word_1_109' title='bbox 741 1519 948 1588; x_wconf 86' lang='lat' dir='ltr'>minus</span> <span class='ocrx_word' id='word_1_110' title='bbox 967 1520 1434 1595; x_wconf 83' lang='lat' dir='ltr'>atrociambitu</span> <span class='ocrx_word' id='word_1_111' title='bbox 1457 1516 1820 1621; x_wconf 84' lang='lat' dir='ltr'>pugnabant</span> <span class='ocrx_word' id='word_1_112' title='bbox 1838 1564 1860 1599; x_wconf 90' lang='lat'>‚</span> <span class='ocrx_word' id='word_1_113' title='bbox 1879 1541 2077 1616; x_wconf 84' lang='lat' dir='ltr'>quam</span> <span class='ocrx_word' id='word_1_114' title='bbox 2090 1513 2137 1585; x_wconf 83' lang='lat' dir='ltr'>fi</span> <span class='ocrx_word' id='word_1_115' title='bbox 2157 1510 2487 1584; x_wconf 79' lang='lat' dir='ltr'>diadema—</span> 
     </span>
     <span class='ocr_line' id='line_1_15' title="bbox 439 1608 2491 1719; baseline 0.001 -38"><span class='ocrx_word' id='word_1_116' title='bbox 439 1612 524 1682; x_wconf 81' lang='lat' dir='ltr'>tis</span> <span class='ocrx_word' id='word_1_117' title='bbox 557 1608 877 1688; x_wconf 88' lang='lat' dir='ltr'>fortunam</span> <span class='ocrx_word' id='word_1_118' title='bbox 895 1639 1029 1689; x_wconf 84' lang='lat' dir='ltr'>tarn</span> <span class='ocrx_word' id='word_1_119' title='bbox 1049 1619 1683 1719; x_wconf 77' lang='lat' dir='ltr'>ludicrapromifiss‘et</span> <span class='ocrx_word' id='word_1_120' title='bbox 1699 1619 1987 1692; x_wconf 62' lang='lat' dir='ltr'>triefforia.</span> <span class='ocrx_word' id='word_1_121' title='bbox 2044 1615 2185 1704; x_wconf 80' lang='lat' dir='ltr'>Qi</span> <span class='ocrx_word' id='word_1_122' title='bbox 2206 1611 2345 1683; x_wconf 88' lang='lat' dir='ltr'>aliis</span> <span class='ocrx_word' id='word_1_123' title='bbox 2362 1610 2491 1683; x_wconf 71' lang='lat' dir='ltr'>i&#39;m-</span> 
     </span>
     <span class='ocr_line' id='line_1_16' title="bbox 444 1709 2485 1820; baseline -0.001 -39"><span class='ocrx_word' id='word_1_124' title='bbox 444 1736 739 1808; x_wconf 88' lang='lat' dir='ltr'>perarent</span> <span class='ocrx_word' id='word_1_125' title='bbox 771 1716 837 1787; x_wconf 88' lang='lat' dir='ltr'>in</span> <span class='ocrx_word' id='word_1_126' title='bbox 853 1718 1115 1820; x_wconf 87' lang='lat' dir='ltr'>angusta</span> <span class='ocrx_word' id='word_1_127' title='bbox 1134 1721 1287 1792; x_wconf 89' lang='lat' dir='ltr'>urbe</span> <span class='ocrx_word' id='word_1_128' title='bbox 1310 1768 1334 1805; x_wconf 89' lang='lat'><strong>,</strong></span> <span class='ocrx_word' id='word_1_129' title='bbox 1369 1721 1542 1791; x_wconf 86' lang='lat' dir='ltr'>inter</span> <span class='ocrx_word' id='word_1_130' title='bbox 1562 1721 1863 1791; x_wconf 85' lang='lat' dir='ltr'>homines</span> <span class='ocrx_word' id='word_1_131' title='bbox 1882 1716 2173 1787; x_wconf 88' lang='lat' dir='ltr'>liberales</span> <span class='ocrx_word' id='word_1_132' title='bbox 2242 1709 2485 1792; x_wconf 85' lang='lat' dir='ltr'>uidem,</span> 
     </span>
     <span class='ocr_line' id='line_1_17' title="bbox 443 1806 2585 1915; baseline -0.002 -35"><span class='ocrx_word' id='word_1_133' title='bbox 443 1809 553 1882; x_wconf 89' lang='lat' dir='ltr'>sed</span> <span class='ocrx_word' id='word_1_134' title='bbox 592 1806 894 1887; x_wconf 87' lang='lat' dir='ltr'>obscuros</span> <span class='ocrx_word' id='word_1_135' title='bbox 914 1865 936 1899; x_wconf 86' lang='lat'>,</span> <span class='ocrx_word' id='word_1_136' title='bbox 972 1821 1285 1915; x_wconf 84' lang='lat' dir='ltr'>pertinaci</span> <span class='ocrx_word' id='word_1_137' title='bbox 1321 1819 1732 1889; x_wconf 81' lang='lat' dir='ltr'>aemulatione</span> <span class='ocrx_word' id='word_1_138' title='bbox 1811 1813 2173 1901; x_wconf 79' lang='lat' dir='ltr'>uaerebant3</span> <span class='ocrx_word' id='word_1_139' title='bbox 2240 1807 2497 1881; x_wconf 80' lang='lat' dir='ltr'>officie-</span> <span class='ocrx_word' id='word_1_140' title='bbox 2576 1880 2585 1885; x_wconf 65' lang='grc'>,</span> 
     </span>
     <span class='ocr_line' id='line_1_18' title="bbox 411 1844 2496 2015; baseline -0.004 -35"><span class='ocrx_word' id='word_1_141' title='bbox 411 1908 598 1987; x_wconf 82' lang='lat' dir='ltr'>,bant</span> <span class='ocrx_word' id='word_1_142' title='bbox 634 1913 802 1985; x_wconf 88' lang='lat' dir='ltr'>odiis</span> <span class='ocrx_word' id='word_1_143' title='bbox 835 1917 1041 1987; x_wconf 84' lang='lat' dir='ltr'>inania</span> <span class='ocrx_word' id='word_1_144' title='bbox 1072 1916 1402 2015; x_wconf 83' lang='lat' dir='ltr'>dignitatis</span> <span class='ocrx_word' id='word_1_145' title='bbox 1423 1904 1686 1985; x_wconf 84' lang='lat' dir='ltr'>nomina</span> <span class='ocrx_word' id='word_1_146' title='bbox 1706 1959 1729 1993; x_wconf 86' lang='lat'><strong>‚</strong></span> <span class='ocrx_word' id='word_1_147' title='bbox 1763 1844 2093 2006; x_wconf 40' lang='lat' dir='ltr'>ffascesque</span> <span class='ocrx_word' id='word_1_148' title='bbox 2108 1907 2238 1976; x_wconf 82' lang='lat' dir='ltr'>fine</span> <span class='ocrx_word' id='word_1_149' title='bbox 2257 1904 2496 1976; x_wconf 89' lang='lat' dir='ltr'>securi-</span> 
     </span>
     <span class='ocr_line' id='line_1_19' title="bbox 443 2000 2495 2109; baseline -0.007 -26"><span class='ocrx_word' id='word_1_150' title='bbox 443 2007 558 2083; x_wconf 83' lang='lat' dir='ltr'>bus</span> <span class='ocrx_word' id='word_1_151' title='bbox 598 2036 930 2104; x_wconf 88' lang='lat' dir='ltr'>puerorum</span> <span class='ocrx_word' id='word_1_152' title='bbox 966 2017 1164 2109; x_wconf 86' lang='lat' dir='ltr'>tergis</span> <span class='ocrx_word' id='word_1_153' title='bbox 1200 2012 1534 2082; x_wconf 68' lang='lat' dir='ltr'>haerentes,</span> <span class='ocrx_word' id='word_1_154' title='bbox 1592 2008 1778 2081; x_wconf 86' lang='lat' dir='ltr'>Nulli</span> <span class='ocrx_word' id='word_1_155' title='bbox 1813 2007 2073 2074; x_wconf 72' lang='lat' dir='ltr'>interim</span> <span class='ocrx_word' id='word_1_156' title='bbox 2110 2002 2385 2071; x_wconf 84' lang='lat' dir='ltr'>severius</span> <span class='ocrx_word' id='word_1_157' title='bbox 2419 2000 2495 2069; x_wconf 81' lang='lat' dir='ltr'>iu</span> 
     </span>
     <span class='ocr_line' id='line_1_20' title="bbox 439 2094 2496 2204; baseline -0.002 -31"><span class='ocrx_word' id='word_1_158' title='bbox 439 2104 751 2175; x_wconf 80' lang='lat' dir='ltr'>ambitum</span> <span class='ocrx_word' id='word_1_159' title='bbox 771 2106 1067 2187; x_wconf 84' lang='lat' dir='ltr'>dicebant</span> <span class='ocrx_word' id='word_1_160' title='bbox 1086 2148 1108 2184; x_wconf 83' lang='lat'>‚</span> <span class='ocrx_word' id='word_1_161' title='bbox 1159 2109 1318 2179; x_wconf 89' lang='lat' dir='ltr'>nulli</span> <span class='ocrx_word' id='word_1_162' title='bbox 1335 2103 1726 2204; x_wconf 84' lang='lat' dir='ltr'>frequentius</span> <span class='ocrx_word' id='word_1_163' title='bbox 1745 2100 2162 2173; x_wconf 83' lang='lat' dir='ltr'>numerabant</span> <span class='ocrx_word' id='word_1_164' title='bbox 2181 2094 2496 2194; x_wconf 79' lang='lat' dir='ltr'>superbiae</span> 
     </span>
     <span class='ocr_line' id='line_1_21' title="bbox 438 2195 2489 2304; baseline -0.002 -32"><span class='ocrx_word' id='word_1_165' title='bbox 438 2202 606 2272; x_wconf 87' lang='lat' dir='ltr'>mala</span> <span class='ocrx_word' id='word_1_166' title='bbox 628 2229 644 2271; x_wconf 75' lang='grc' dir='ltr'><strong><em>ε</em></strong></span> <span class='ocrx_word' id='word_1_167' title='bbox 676 2208 739 2271; x_wconf 85' lang='lat'>&amp;</span> <span class='ocrx_word' id='word_1_168' title='bbox 762 2202 912 2274; x_wconf 86' lang='lat' dir='ltr'>dum</span> <span class='ocrx_word' id='word_1_169' title='bbox 936 2205 1143 2299; x_wconf 87' lang='lat' dir='ltr'>parvis</span> <span class='ocrx_word' id='word_1_170' title='bbox 1163 2204 1459 2304; x_wconf 90' lang='lat' dir='ltr'>occupati</span> <span class='ocrx_word' id='word_1_171' title='bbox 1477 2201 1761 2274; x_wconf 89' lang='lat' dir='ltr'>nesciunt</span> <span class='ocrx_word' id='word_1_172' title='bbox 1779 2195 1842 2271; x_wconf 80' lang='lat' dir='ltr'>se</span> <span class='ocrx_word' id='word_1_173' title='bbox 1860 2199 2084 2298; x_wconf 85' lang='lat' dir='ltr'>gloriae</span> <span class='ocrx_word' id='word_1_174' title='bbox 2105 2195 2489 2295; x_wconf 81' lang='lat' dir='ltr'>impendere</span> 
     </span>
     <span class='ocr_line' id='line_1_22' title="bbox 437 2294 2480 2398; baseline -0.002 -28"><span class='ocrx_word' id='word_1_175' title='bbox 437 2294 857 2371; x_wconf 82' lang='lat' dir='ltr'>miserrimam</span> <span class='ocrx_word' id='word_1_176' title='bbox 890 2323 1226 2398; x_wconf 79' lang='lat' dir='ltr'>mentem3</span> <span class='ocrx_word' id='word_1_177' title='bbox 1258 2305 1325 2375; x_wconf 90' lang='lat' dir='ltr'>in</span> <span class='ocrx_word' id='word_1_178' title='bbox 1360 2300 1670 2374; x_wconf 88' lang='lat' dir='ltr'>illustrem</span> <span class='ocrx_word' id='word_1_179' title='bbox 1706 2298 2020 2392; x_wconf 84' lang='lat' dir='ltr'>ambitum</span> <span class='ocrx_word' id='word_1_180' title='bbox 2076 2316 2480 2396; x_wconf 83' lang='lat' dir='ltr'>magnatum,</span> 
     </span>
     <span class='ocr_line' id='line_1_23' title="bbox 434 2394 2495 2500; baseline 0 -29"><span class='ocrx_word' id='word_1_181' title='bbox 434 2400 506 2471; x_wconf 87' lang='lat' dir='ltr'>in</span> <span class='ocrx_word' id='word_1_182' title='bbox 521 2394 795 2470; x_wconf 85' lang='lat' dir='ltr'>solicitas</span> <span class='ocrx_word' id='word_1_183' title='bbox 815 2401 1180 2500; x_wconf 82' lang='lat' dir='ltr'>Principum</span> <span class='ocrx_word' id='word_1_184' title='bbox 1196 2428 1371 2475; x_wconf 88' lang='lat' dir='ltr'>curas</span> <span class='ocrx_word' id='word_1_185' title='bbox 1390 2400 1635 2475; x_wconf 86' lang='lat' dir='ltr'>ridiculi</span> <span class='ocrx_word' id='word_1_186' title='bbox 1653 2401 2113 2472; x_wconf 84' lang='lat' dir='ltr'>declamatores</span> <span class='ocrx_word' id='word_1_187' title='bbox 2137 2395 2495 2496; x_wconf 80' lang='lat' dir='ltr'>inquirunt,</span> 
     </span>
     <span class='ocr_line' id='line_1_24' title="bbox 440 2492 2492 2600; baseline -0.001 -34"><span class='ocrx_word' id='word_1_188' title='bbox 440 2495 614 2597; x_wconf 72' lang='lat' dir='ltr'>quasi</span> <span class='ocrx_word' id='word_1_189' title='bbox 634 2497 881 2571; x_wconf 83' lang='lat' dir='ltr'>interfit</span> <span class='ocrx_word' id='word_1_190' title='bbox 901 2502 1068 2573; x_wconf 85' lang='lat' dir='ltr'>inter</span> <span class='ocrx_word' id='word_1_191' title='bbox 1085 2500 1406 2575; x_wconf 85' lang='lat' dir='ltr'>sordidam</span> <span class='ocrx_word' id='word_1_192' title='bbox 1428 2511 1497 2575; x_wconf 81' lang='grc' dir='ltr'>δε</span> <span class='ocrx_word' id='word_1_193' title='bbox 1521 2497 1933 2600; x_wconf 85' lang='lat' dir='ltr'>magnificam</span> <span class='ocrx_word' id='word_1_194' title='bbox 1952 2497 2305 2570; x_wconf 84' lang='lat' dir='ltr'>vanitatem</span> <span class='ocrx_word' id='word_1_195' title='bbox 2322 2538 2346 2574; x_wconf 81' lang='lat'>,</span> <span class='ocrx_word' id='word_1_196' title='bbox 2366 2492 2492 2564; x_wconf 75' lang='lat' dir='ltr'>nisi</span> 
     </span>
     <span class='ocr_line' id='line_1_25' title="bbox 438 2588 2498 2700; baseline -0.001 -34"><span class='ocrx_word' id='word_1_197' title='bbox 438 2594 620 2697; x_wconf 78' lang='lat' dir='ltr'>quod</span> <span class='ocrx_word' id='word_1_198' title='bbox 640 2596 775 2671; x_wconf 85' lang='lat' dir='ltr'>haec</span> <span class='ocrx_word' id='word_1_199' title='bbox 796 2600 1105 2697; x_wconf 86' lang='lat' dir='ltr'>peccandi</span> <span class='ocrx_word' id='word_1_200' title='bbox 1127 2602 1583 2700; x_wconf 86' lang='lat' dir='ltr'>impotentiam</span> <span class='ocrx_word' id='word_1_201' title='bbox 1599 2598 1904 2678; x_wconf 87' lang='lat' dir='ltr'>ostendit,</span> <span class='ocrx_word' id='word_1_202' title='bbox 1920 2597 2034 2667; x_wconf 88' lang='lat' dir='ltr'>illa</span> <span class='ocrx_word' id='word_1_203' title='bbox 2050 2617 2261 2667; x_wconf 87' lang='lat' dir='ltr'>autem</span> <span class='ocrx_word' id='word_1_204' title='bbox 2279 2588 2498 2693; x_wconf 88' lang='lat' dir='ltr'>splen-</span> 
     </span>
     <span class='ocr_line' id='line_1_26' title="bbox 337 2691 2503 2790; baseline -0.004 -22"><span class='ocrx_word' id='word_1_205' title='bbox 337 2753 338 2756; x_wconf 20' lang='lat'><em>*</em></span> <span class='ocrx_word' id='word_1_206' title='bbox 442 2698 612 2768; x_wconf 83' lang='lat' dir='ltr'>didis</span> <span class='ocrx_word' id='word_1_207' title='bbox 631 2700 786 2770; x_wconf 79' lang='lat' dir='ltr'>vel-is</span> <span class='ocrx_word' id='word_1_208' title='bbox 803 2696 1026 2772; x_wconf 85' lang='lat' dir='ltr'>saltem</span> <span class='ocrx_word' id='word_1_209' title='bbox 1048 2703 1420 2773; x_wconf 88' lang='lat' dir='ltr'>mortalium</span> <span class='ocrx_word' id='word_1_210' title='bbox 1436 2704 1682 2774; x_wconf 89' lang='lat' dir='ltr'>crimen</span> <span class='ocrx_word' id='word_1_211' title='bbox 1700 2692 1978 2769; x_wconf 85' lang='lat' dir='ltr'>excusat.</span> <span class='ocrx_word' id='word_1_212' title='bbox 2031 2699 2214 2768; x_wconf 90' lang='lat' dir='ltr'>Nam</span> <span class='ocrx_word' id='word_1_213' title='bbox 2237 2715 2305 2764; x_wconf 89' lang='lat' dir='ltr'>ut</span> <span class='ocrx_word' id='word_1_214' title='bbox 2321 2691 2503 2790; x_wconf 69' lang='lat' dir='ltr'>opti-</span> 
     </span>
     <span class='ocr_line' id='line_1_27' title="bbox 445 2789 2495 2890; baseline -0.003 -20"><span class='ocrx_word' id='word_1_215' title='bbox 445 2821 570 2870; x_wconf 83' lang='lat' dir='ltr'>mae</span> <span class='ocrx_word' id='word_1_216' title='bbox 604 2794 828 2868; x_wconf 69' lang='lat' dir='ltr'>mess&#39;es</span> <span class='ocrx_word' id='word_1_217' title='bbox 848 2794 1114 2870; x_wconf 86' lang='lat' dir='ltr'>fortiore</span> <span class='ocrx_word' id='word_1_218' title='bbox 1132 2821 1290 2874; x_wconf 89' lang='lat' dir='ltr'>nutu</span> <span class='ocrx_word' id='word_1_219' title='bbox 1310 2804 1519 2874; x_wconf 85' lang='lat' dir='ltr'>ventis</span> <span class='ocrx_word' id='word_1_220' title='bbox 1541 2799 1821 2873; x_wconf 74' lang='lat' dir='ltr'>resistunt</span> <span class='ocrx_word' id='word_1_221' title='bbox 1838 2840 1860 2876; x_wconf 86' lang='lat'>,</span> <span class='ocrx_word' id='word_1_222' title='bbox 1916 2803 1981 2867; x_wconf 75' lang='grc' dir='ltr'>δι</span> <span class='ocrx_word' id='word_1_223' title='bbox 2008 2795 2288 2865; x_wconf 88' lang='lat' dir='ltr'>inanium</span> <span class='ocrx_word' id='word_1_224' title='bbox 2313 2789 2495 2890; x_wconf 85' lang='lat' dir='ltr'>sege-</span> 
     </span>
     <span class='ocr_line' id='line_1_28' title="bbox 443 2889 2491 2988; baseline -0.004 -20"><span class='ocrx_word' id='word_1_225' title='bbox 443 2914 588 2968; x_wconf 85' lang='lat' dir='ltr'>tum</span> <span class='ocrx_word' id='word_1_226' title='bbox 607 2893 754 2968; x_wconf 88' lang='lat' dir='ltr'>caffi</span> <span class='ocrx_word' id='word_1_227' title='bbox 776 2899 1046 2970; x_wconf 86' lang='lat' dir='ltr'>vertices</span> <span class='ocrx_word' id='word_1_228' title='bbox 1067 2900 1258 2970; x_wconf 87' lang='lat' dir='ltr'>nullis</span> <span class='ocrx_word' id='word_1_229' title='bbox 1279 2901 1443 2971; x_wconf 88' lang='lat' dir='ltr'>auris</span> <span class='ocrx_word' id='word_1_230' title='bbox 1461 2899 1893 2978; x_wconf 69' lang='lat' dir='ltr'>oblustantur,</span> <span class='ocrx_word' id='word_1_231' title='bbox 1907 2890 2343 2988; x_wconf 82' lang='lat' dir='ltr'>ita-capacibus</span> <span class='ocrx_word' id='word_1_232' title='bbox 2363 2889 2491 2960; x_wconf 86' lang='lat' dir='ltr'>ho·-</span> 
     </span>
     <span class='ocr_line' id='line_1_29' title="bbox 445 2995 2485 3099; baseline -0.005 -30"><span class='ocrx_word' id='word_1_233' title='bbox 445 3019 680 3069; x_wconf 87' lang='lat' dir='ltr'>norum</span> <span class='ocrx_word' id='word_1_234' title='bbox 717 3017 848 3068; x_wconf 88' lang='lat' dir='ltr'>non</span> <span class='ocrx_word' id='word_1_235' title='bbox 880 2996 994 3068; x_wconf 82' lang='lat' dir='ltr'>nifi</span> <span class='ocrx_word' id='word_1_236' title='bbox 1031 2998 1226 3098; x_wconf 85' lang='lat' dir='ltr'>digna</span> <span class='ocrx_word' id='word_1_237' title='bbox 1264 3001 1471 3099; x_wconf 86' lang='lat' dir='ltr'>gloria</span> <span class='ocrx_word' id='word_1_238' title='bbox 1488 3000 1804 3096; x_wconf 88' lang='lat' dir='ltr'>imperat,</span> <span class='ocrx_word' id='word_1_239' title='bbox 1833 2995 2244 3063; x_wconf 83' lang='lat' dir='ltr'>immerentes</span> <span class='ocrx_word' id='word_1_240' title='bbox 2267 3006 2485 3059; x_wconf 89' lang='lat' dir='ltr'>autem</span> 
     </span>
     <span class='ocr_line' id='line_1_30' title="bbox 429 3083 2490 3195; baseline -0.002 -29"><span class='ocrx_word' id='word_1_241' title='bbox 429 3089 653 3180; x_wconf 13' lang='lat' dir='ltr'>*solum</span> <span class='ocrx_word' id='word_1_242' title='bbox 671 3095 1003 3195; x_wconf 83' lang='lat' dir='ltr'>dignitatis</span> <span class='ocrx_word' id='word_1_243' title='bbox 1034 3120 1279 3169; x_wconf 88' lang='lat' dir='ltr'>nomen</span> <span class='ocrx_word' id='word_1_244' title='bbox 1316 3100 1693 3194; x_wconf 83' lang='lat' dir='ltr'>corrumpit.</span> <span class='ocrx_word' id='word_1_245' title='bbox 1751 3090 2062 3176; x_wconf 76' lang='lat' dir='ltr'>&#39;Romani</span> <span class='ocrx_word' id='word_1_246' title='bbox 2083 3083 2490 3166; x_wconf 77' lang='lat' dir='ltr'>Bletonefios</span> 
     </span>
     <span class='ocr_line' id='line_1_31' title="bbox 449 3187 2492 3312; baseline -0.004 -47"><span class='ocrx_word' id='word_1_247' title='bbox 449 3196 711 3293; x_wconf 88' lang='lat' dir='ltr'>publico</span> <span class='ocrx_word' id='word_1_248' title='bbox 742 3195 983 3284; x_wconf 80' lang='lat' dir='ltr'>iudicio</span> <span class='ocrx_word' id='word_1_249' title='bbox 1017 3195 1410 3312; x_wconf 90' lang='lat' dir='ltr'>postularunt</span> <span class='ocrx_word' id='word_1_250' title='bbox 1432 3243 1457 3281; x_wconf 88' lang='lat'><strong>,</strong></span> <span class='ocrx_word' id='word_1_251' title='bbox 1492 3196 1664 3302; x_wconf 85' lang='lat' dir='ltr'>quod</span> <span class='ocrx_word' id='word_1_252' title='bbox 1702 3191 2035 3264; x_wconf 81' lang='lat' dir='ltr'>hominem</span> <span class='ocrx_word' id='word_1_253' title='bbox 2075 3187 2492 3260; x_wconf 88' lang='lat' dir='ltr'>Diisimmo-</span> 
     </span>
     <span class='ocr_line' id='line_1_32' title="bbox 448 3286 2495 3397; baseline -0.005 -31"><span class='ocrx_word' id='word_1_254' title='bbox 448 3292 790 3387; x_wconf 82' lang='lat' dir='ltr'>laviffent3</span> <span class='ocrx_word' id='word_1_255' title='bbox 839 3322 984 3370; x_wconf 89' lang='lat' dir='ltr'>cum</span> <span class='ocrx_word' id='word_1_256' title='bbox 1021 3293 1138 3397; x_wconf 77' lang='lat' dir='ltr'>tpli</span> <span class='ocrx_word' id='word_1_257' title='bbox 1170 3295 1330 3369; x_wconf 91' lang='lat' dir='ltr'>duos</span> <span class='ocrx_word' id='word_1_258' title='bbox 1363 3298 1676 3375; x_wconf 71' lang='lat' dir='ltr'>Graecos,</span> <span class='ocrx_word' id='word_1_259' title='bbox 1714 3287 2120 3387; x_wconf 87' lang='lat' dir='ltr'>totidemque</span> <span class='ocrx_word' id='word_1_260' title='bbox 2152 3310 2235 3364; x_wconf 77' lang='lat' dir='ltr'>ex</span> <span class='ocrx_word' id='word_1_261' title='bbox 2272 3286 2495 3360; x_wconf 78' lang='lat' dir='ltr'>Gallia</span> 
     </span>
    </p>
   </div>
   <div class='ocr_carea' id='block_1_2' title="bbox 450 3493 2505 3881">
    <p class='ocr_par' dir='ltr' id='par_1_3' title="bbox 450 3493 2505 3881">
     <span class='ocr_line' id='line_1_33' title="bbox 564 3493 1624 3564; baseline -0.002 -21"><span class='ocrx_word' id='word_1_262' title='bbox 564 3507 591 3543; x_wconf 72' lang='grc' dir='ltr'><strong>ι</strong></span> <span class='ocrx_word' id='word_1_263' title='bbox 665 3498 894 3564; x_wconf 64' lang='lat' dir='ltr'>Tumque</span> <span class='ocrx_word' id='word_1_264' title='bbox 930 3500 1123 3564; x_wconf 72' lang='lat' dir='ltr'>loquutus</span> <span class='ocrx_word' id='word_1_265' title='bbox 1167 3495 1439 3559; x_wconf 68' lang='lat' dir='ltr'>Hm&#39;semm</span> <span class='ocrx_word' id='word_1_266' title='bbox 1504 3493 1624 3545; x_wconf 84' lang='lat' dir='ltr'>titit.</span> 
     </span>
     <span class='ocr_line' id='line_1_34' title="bbox 450 3551 2491 3632; baseline -0 -16"><span class='ocrx_word' id='word_1_267' title='bbox 450 3560 648 3629; x_wconf 55' lang='lat' dir='ltr'>{Ajacem</span> <span class='ocrx_word' id='word_1_268' title='bbox 681 3563 860 3615; x_wconf 65' lang='lat' dir='ltr'>thnidns</span> <span class='ocrx_word' id='word_1_269' title='bbox 889 3569 1068 3629; x_wconf 73' lang='lat' dir='ltr'>confecit</span> <span class='ocrx_word' id='word_1_270' title='bbox 1087 3562 1308 3631; x_wconf 63' lang='lat' dir='ltr'><strong><em>fflyffi¹·]</em></strong></span> <span class='ocrx_word' id='word_1_271' title='bbox 1353 3562 1442 3614; x_wconf 80' lang='lat' dir='ltr'>Iste</span> <span class='ocrx_word' id='word_1_272' title='bbox 1572 3577 1600 3612; x_wconf 88' lang='lat'>2</span> <span class='ocrx_word' id='word_1_273' title='bbox 1640 3559 1823 3609; x_wconf 57' lang='grc' dir='ltr'>ΒΜ</span> <span class='ocrx_word' id='word_1_274' title='bbox 1847 3559 1936 3611; x_wconf 55' lang='grc' dir='ltr'>ΒΨ</span> <span class='ocrx_word' id='word_1_275' title='bbox 1937 3554 2090 3620; x_wconf 69' lang='lat' dir='ltr'>0’1‘fi05</span> <span class='ocrx_word' id='word_1_276' title='bbox 2094 3553 2137 3613; x_wconf 63' lang='lat'>‚¹5</span> <span class='ocrx_word' id='word_1_277' title='bbox 2170 3557 2274 3612; x_wconf 64' lang='grc' dir='ltr'>ἲῗοδ</span> <span class='ocrx_word' id='word_1_278' title='bbox 2293 3551 2491 3632; x_wconf 42' lang='lat' dir='ltr'>populo-⁸</span> 
     </span>
     <span class='ocr_line' id='line_1_35' title="bbox 451 3622 2493 3694; baseline -0.005 -12"><span class='ocrx_word' id='word_1_279' title='bbox 451 3624 634 3694; x_wconf 68' lang='lat' dir='ltr'>ulyffes</span> <span class='ocrx_word' id='word_1_280' title='bbox 651 3624 821 3682; x_wconf 78' lang='lat' dir='ltr'>scilicet</span> <span class='ocrx_word' id='word_1_281' title='bbox 835 3647 941 3682; x_wconf 85' lang='lat' dir='ltr'>cum</span> <span class='ocrx_word' id='word_1_282' title='bbox 961 3636 1104 3694; x_wconf 76' lang='lat' dir='ltr'>Aiace</span> <span class='ocrx_word' id='word_1_283' title='bbox 1116 3631 1331 3684; x_wconf 86' lang='lat' dir='ltr'>oratione</span> <span class='ocrx_word' id='word_1_284' title='bbox 1358 3631 1441 3680; x_wconf 84' lang='lat' dir='ltr'>de-</span> <span class='ocrx_word' id='word_1_285' title='bbox 1502 3627 1725 3681; x_wconf 78' lang='lat' dir='ltr'>barbaros</span> <span class='ocrx_word' id='word_1_286' title='bbox 1755 3622 1888 3678; x_wconf 71' lang='lat' dir='ltr'>fuisse</span> <span class='ocrx_word' id='word_1_287' title='bbox 1914 3625 2099 3675; x_wconf 82' lang='lat' dir='ltr'>testatur</span> <span class='ocrx_word' id='word_1_288' title='bbox 2114 3625 2247 3674; x_wconf 80' lang='lat' dir='ltr'>Plato</span> <span class='ocrx_word' id='word_1_289' title='bbox 2260 3638 2366 3672; x_wconf 78' lang='lat' dir='ltr'>eum</span> <span class='ocrx_word' id='word_1_290' title='bbox 2396 3634 2493 3689; x_wconf 66' lang='lat' dir='ltr'>agit</span> 
     </span>
     <span class='ocr_line' id='line_1_36' title="bbox 453 3689 2493 3777; baseline -0.002 -32"><span class='ocrx_word' id='word_1_291' title='bbox 453 3709 638 3777; x_wconf 67' lang='lat' dir='ltr'>natans</span> <span class='ocrx_word' id='word_1_292' title='bbox 686 3711 775 3761; x_wconf 82' lang='lat' dir='ltr'>pro</span> <span class='ocrx_word' id='word_1_293' title='bbox 812 3701 957 3751; x_wconf 69' lang='lat' dir='ltr'>umis</span> <span class='ocrx_word' id='word_1_294' title='bbox 987 3698 1208 3752; x_wconf 79' lang='lat' dir='ltr'>fatalibus</span> <span class='ocrx_word' id='word_1_295' title='bbox 1245 3697 1442 3751; x_wconf 75' lang='lat' dir='ltr'>Achiuis</span> <span class='ocrx_word' id='word_1_296' title='bbox 1504 3698 1566 3747; x_wconf 85' lang='lat' dir='ltr'>de</span> <span class='ocrx_word' id='word_1_297' title='bbox 1586 3695 1817 3748; x_wconf 81' lang='lat' dir='ltr'>Romanis</span> <span class='ocrx_word' id='word_1_298' title='bbox 1837 3693 1952 3752; x_wconf 80' lang='lat' dir='ltr'>3hos</span> <span class='ocrx_word' id='word_1_299' title='bbox 1973 3694 2246 3773; x_wconf 71' lang='lat' dir='ltr'>Bletonetoa</span> <span class='ocrx_word' id='word_1_300' title='bbox 2262 3689 2493 3758; x_wconf 80' lang='lat' dir='ltr'>appellant</span> 
     </span>
     <span class='ocr_line' id='line_1_37' title="bbox 455 3754 2505 3881; baseline 0.003 -60"><span class='ocrx_word' id='word_1_301' title='bbox 455 3763 653 3821; x_wconf 69' lang='lat' dir='ltr'>mamm</span> <span class='ocrx_word' id='word_1_302' title='bbox 679 3764 731 3821; x_wconf 72' lang='grc' dir='ltr'>δε</span> <span class='ocrx_word' id='word_1_303' title='bbox 765 3782 859 3838; x_wconf 73' lang='lat' dir='ltr'>ope</span> <span class='ocrx_word' id='word_1_304' title='bbox 883 3770 1105 3827; x_wconf 70' lang='lat' dir='ltr'>Mercurii</span> <span class='ocrx_word' id='word_1_305' title='bbox 1137 3763 1343 3856; x_wconf 77' lang='lat' dir='ltr'>superior</span> <span class='ocrx_word' id='word_1_306' title='bbox 1367 3783 1445 3824; x_wconf 77' lang='lat' dir='ltr'>ex·</span> <span class='ocrx_word' id='word_1_307' title='bbox 1504 3766 1619 3827; x_wconf 73' lang='lat' dir='ltr'>alii,</span> <span class='ocrx_word' id='word_1_308' title='bbox 1637 3754 2393 3881; x_wconf 41' lang='lat' dir='ltr'>aiuntquefuiffessdfflfflff</span> <span class='ocrx_word' id='word_1_309' title='bbox 2413 3825 2505 3876; x_wconf 57' lang='grc' dir='ltr'>κ.</span> 
     </span>
    </p>
   </div>
  </div>
 </body>
</html>
