2738 4475
896 251 949 320 P
1056 268 1104 318 A
1197 249 1403 321 'R's
1504 247 1789 324 Iv.··'·v'
2151 263 2297 347 451.

250 364 550 436 attollunt
570 393 596 454 3
644 361 711 433 in
750 362 826 434 iis
846 363 1150 460 preciosae
1172 363 1442 462 pellibus
1459 361 1650 451 ferae3
1686 389 1850 438 ceroe
1872 368 2069 442 etiam
2089 377 2297 471 copia,

247 487 436 564 atque
460 463 672 535 mellis
694 511 718 548 ,
739 472 805 537 &
828 464 977 538 hinc
999 469 1393 565 praecipuum
1413 468 1481 537 in
1504 465 1635 535 illis
1655 467 2026 567 regionibus
2050 495 2294 544 merca*

243 585 399 636 turae
421 568 914 638 commercium.
986 566 1183 637 Multi
1206 568 1436 636 incolae
1459 560 1644 646 sunt,-
1681 591 1892 667 neque
1926 588 2147 644 tamen
2178 597 2300 672 pro

245 686 549 735 terrarum
569 665 991 760 amplitudine
1008 722 1032 751 ,
1072 690 1227 764 quas
1247 662 1597 763 possident.

347 764 653 836 Servituti
733 790 849 836 ens
867 788 1014 835 nata
1035 810 1058 846 ,
1097 768 1174 835 ad
1195 787 1396 836 omne
1417 762 1729 837 libertatis
1747 765 2088 869 vestigium
2110 765 2293 848 ferox

127 893 130 896 ¹
247 859 342 933 est
364 893 390 954 3
424 861 665 957 placida
682 788 734 934 l}
746 887 1094 962 prematur.
1154 866 1403 960 Neque
1417 861 1696 936 abnuunt
1717 864 1957 966 jugum.
1982 873 2181 945 Ultro
2202 870 2296 946 fa-

253 982 471 1031 tentur
487 963 765 1061 Principi
783 962 845 1035 se
862 962 1133 1050 servire,
1173 966 1273 1037 illi
1292 966 1361 1034 in
1384 960 1515 1035 suas
1541 990 1706 1062 opes
1724 1013 1745 1046 ‚
1770 969 1837 1037 in
1856 994 2127 1067 corpora
2148 1018 2170 1054 ‚
2198 976 2293 1044 vi.

253 1081 509 1159 tamque
540 1062 635 1154 jus
667 1061 819 1137 efl'e.
888 1064 1279 1136 Sordidioris
1315 1067 1688 1138 reverentiae
1708 1064 2034 1141 humilitas
2050 1075 2288 1145 Turcis

238 1183 373 1231 non
390 1158 482 1233 est
499 1161 569 1232 in
583 1160 839 1235 suorum
859 1167 1381 1240 Ottomanorum
1402 1162 1748 1262 sceptrum.
1796 1171 2082 1240 Caeteras
2119 1198 2290 1271 quo-
2394 1175 2395 1178 ’

287 1282 365 1330 ue
397 1282 629 1358 gentes
657 1287 738 1335 ex
773 1260 883 1333 suo
966 1265 1119 1335 enio
1138 1263 1483 1336 aestimant.
1551 1262 1904 1362 Hospite-«3,
1938 1268 2065 1342 five
2088 1266 2288 1358 forne.

232 1284 369 1431 ἕνα
382 1359 657 1432 confilio
673 1361 740 1433 in
765 1290 1180 1435 Moffioviam
1197 1361 1503 1433 adve&os
1522 1410 1544 1446 ,
1581 1364 1649 1434 in
1666 1366 1840 1439 idem
1862 1371 2084 1470 jugum
2101 1372 2293 1447 dam-

207 1459 212 1462 ’
232 1481 395 1532 nant
415 1507 441 1544 ,
459 1466 527 1533 δε
546 1456 781 1532 servire
797 1457 911 1530 suo
931 1461 1217 1557 Principi
1235 1463 1461 1533 volunt
1481 1488 1502 1531 t
1552 1461 1596 1535 fi
1614 1491 1775 1564 qnos
1797 1464 2019 1542 furtim
2040 1473 2286 1556 abeun-

231 1577 341 1627 tes
355 1578 760 1629 retraxerunt
779 1601 803 1637 ‚
843 1577 912 1627 ut
934 1553 1238 1658 fugitivos
1263 1562 1577 1658 plestunt.
1631 1568 2046 1666 Magnatibus
2068 1624 2093 1661 ,
2127 1577 2287 1646 licet

236 1653 358 1750 ipsi
374 1650 655 1729 serviunt
676 1702 700 1738 ‚
744 1656 816 1728 in
832 1654 1114 1730 minores
1131 1653 1276 1731 suus
1295 1656 1488 1733 fastus
1504 1661 1636 1736 est:
1689 1674 1754 1738 δι
1780 1670 2012 1768 vulgus
2050 1673 2286 1747 horum

233 1753 524 1826 maxime
542 1749 946 1853 supercilium
968 1759 1179 1830 timet.
1363 1789 1379 1794 c
1610 1793 1613 1798 ·

256 1899 260 1906 -
338 1855 565 1926 Fertur
582 1857 857 1952 populus
879 1855 1388 1936 adeoditerarum
1406 1861 1577 1936 rudis
1603 1862 1727 1936 esse
1742 1899 1767 1945 ‚-
1804 1885 1875 1937 ut
1914 1869 2098 1967 pauci
2115 1871 2290 1943 inter

219 1950 377 2023 illos
411 1953 882 2051 vulgatiffimas
900 1979 1124 2052 preces
1146 1962 1467 2033 memoria
1485 1982 1750 2036 teneant
1764 1966 1995 2065 quibus
2016 1973 2285 2044 Numen

215 2051 673 2149 propitiamus.
742 2055 936 2130 Bello
953 2081 1148 2154 quam
1162 2060 1318 2129 ocio
1333 2062 1653 2160 aptiores:
1693 2072 1767 2138 δι-
1799 2067 2178 2169 plerumque
2209 2069 2280 2142 in

216 2153 416 2222 armis
450 2147 629 2226 sunt:
671 2148 801 2226 five
818 2179 954 2255 quo
979 2161 1407 2232 Tartarorum
1428 2161 1742 2260 impetum
1766 2162 1904 2237 fran
1957 2189 2106 2250 ant,
2145 2167 2283 2241 live·

216 2250 354 2322 alio
386 2251 599 2325 limite
634 2256 924 2327 Polonos
941 2257 1280 2346 lacess'uut,
1322 2281 1427 2331 aut
1448 2264 1806 2360 repellunt:
1861 2271 1922 2338 Il
1955 2291 1990 2338 a
2007 2291 2270 2368 quoque

217 2370 411 2423 aetate
430 2352 722 2426 civilibus
739 2354 905 2428 odiis
922 2357 1094 2431 inter
1108 2352 1173 2431 se
1189 2366 1819 2437 certaveruntmcies
1835 2366 1967 2438 ill-is
1985 2394 2065 2441 ex
2082 2370 2270 2467 equi·-

213 2446 391 2522 tibus
409 2470 548 2523 tota
568 2479 588 2523 t
609 2452 829 2550 pedite
847 2454 997 2530 ideo
1013 2460 1122 2531 vix
1141 2481 1423 2543 utuntur,
1440 2462 1926 2561 quodomnium
1945 2460 2268 2539 bellorum

220 2570 564 2623 momenta
585 2549 657 2623 in
673 2554 997 2629 celeritate
1016 2558 1413 2633 constituunt
1433 2588 1454 2632 ε
1489 2574 1739 2662 magno
1751 2565 2007 2660 impetu*
2019 2566 2119 2636 vel
2142 2565 2273 2636 im‘-

229 2644 625 2746 preffionem
643 2650 847 2725 adorti
864 2656 965 2727 vel
982 2651 1217 2757 firgam.
1285 2662 1416 2735 Sed
1455 2660 1560 2733 ubi
1596 2682 1825 2761 pavere
1855 2664 2267 2762 inceperunt,-

227 2745 311 2818 ad
328 2744 839 2846 desperationem
860 2778 990 2852 quo
1039 2781 1119 2830 ue
1135 2780 1481 2834 vertuntur.
1524 2763 1723 2836 Adeo
1739 2784 1807 2836 ut
1823 2788 1901 2836 ex
1926 2766 2146 2864 praelio
2169 2760 2270 2836 fu-

221 2847 482 2948 gientes
499 2893 525 2930 ,
562 2846 607 2922 fi
640 2848 976 2954 affequitur
1050 2855 1203 2931 ostis
1219 2907 1248 2946 ‚
1294 2863 1458 2934 nibil
1490 2861 1610 2936 auli
1646 2886 1995 2965 repugnare
2016 2921 2039 2951 ,
2074 2867 2164 2939 ita
2196 2861 2265 2936 so

219 2946 574 3022 victoribus
594 2950 833 3026 dedant
846 3001 870 3036 ‚
895 2977 966 3028 ut
979 2982 1103 3031 nec
1122 2982 1398 3036 mortem
1414 2961 1854 3064 deprecentur.
1914 2963 2265 3065 Castigan-

219 3046 319 3118 dis
340 3043 521 3121 furtis
541 3050 775 3126 remiffi
806 3053 991 3130 sunta
1039 3080 1260 3134 tamen
1299 3064 1633 3163 praedones
1674 3067 1905 3137 ultimo
1949 3060 2264 3161 supplicio

222 3144 619 3227 ulciscuntur.
683 3155 875 3227 Gens
896 3154 993 3230 est
1012 3181 1191 3233 cauta
1206 3210 1230 3246 ,
1270 3163 1726 3263 nefitendisque
1745 3161 2063 3237 fraudibus
2082 3183 2255 3261 apta:

230 3248 474 3345 Neque
504 3250 800 3352 ignotam
833 3255 986 3331 ideo
1021 3262 1480 3334 mercatoribus
1507 3263 1567 3335 se
1587 3262 1943 3363 suspefins:
2001 3287 2161 3365 quos
2186 3282 2256 3335 ut

221 3344 669 3442 placabiliores
684 3352 997 3439 babeant,
1034 3361 1360 3433 interdum
1397 3364 1464 3432 in
1502 3370 1736 3437 mutuis
1762 3366 2172 3440 commerciis
2189 3389 2258 3434 a·
2292 3426 2303 3435 x

221 3446 379 3518 liam
403 3448 675 3546 patriam
691 3451 804 3524 fibi
821 3453 1100 3558 fingunt.
1154 3461 1548 3559 perpotandi
1570 3462 1843 3537 studium
1865 3492 2007 3540 acre
2028 3464 2123 3539 est
2140 3517 2164 3553 ‚
2189 3472 2258 3537 δε

218 3567 458 3645 praeter
474 3552 709 3647 patrios
726 3576 914 3652 potus
931 3583 1015 3629 ne
1034 3559 1300 3658 quidem
1323 3559 1591 3633 advecta
1609 3563 1754 3636 vina
1772 3561 2016 3637 desunt.

324 3648 654 3723 Uxoribus
670 3653 867 3755 longa
884 3659 1224 3756 captivitas
1247 3708 1271 3743 ‚
1303 3684 1458 3759 quas
1488 3661 1669 3733 domi
1707 3659 1869 3734 serio
1900 3667 2264 3744 continent,

212 3743 454 3847 dignas
476 3774 738 3859 quoque
756 3755 1105 3853 majoribus
1128 3759 1344 3856 malis:
1406 3759 1569 3929 ageo
1610 3759 1934 3835 servilibus
1965 3763 2157 3932 supr}
2174 3760 2265 3857 fi-

1363 3859 1413 3931 F
1512 3884 1560 3934 2.
2160 3883 2268 3931 em
