<?xml version="1.0" encoding="UTF-8"?>
<!DOCTYPE html PUBLIC "-//W3C//DTD XHTML 1.0 Transitional//EN"
    "http://www.w3.org/TR/xhtml1/DTD/xhtml1-transitional.dtd">
<html xmlns="http://www.w3.org/1999/xhtml" xml:lang="en" lang="en">
 <head>
  <title>
</title>
<meta http-equiv="Content-Type" content="text/html;charset=utf-8" />
  <meta name='ocr-system' content='tesseract 3.04.00' />
  <meta name='ocr-capabilities' content='ocr_page ocr_carea ocr_par ocr_line ocrx_word'/>
</head>
<body>
  <div class='ocr_page' id='page_1' title='image "./euphormionislus00barcgoog_0170.png"; bbox 0 0 2738 4475; ppageno 0'>
   <div class='ocr_carea' id='block_1_1' title="bbox 480 230 2049 314">
    <p class='ocr_par' dir='ltr' id='par_1_1' title="bbox 480 230 2049 314">
     <span class='ocr_line' id='line_1_1' title="bbox 480 230 2049 314; baseline 0 -3"><span class='ocrx_word' id='word_1_1' title='bbox 480 239 620 314; x_wconf 71' lang='lat'>‘128</span> <span class='ocrx_word' id='word_1_2' title='bbox 977 230 1492 314; x_wconf 37' lang='lat' dir='ltr'>Eoinonfn‘.</span> <span class='ocrx_word' id='word_1_3' title='bbox 1547 240 2049 312; x_wconf 59' lang='lat' dir='ltr'>Sar-&#39;uret</span> 
     </span>
    </p>
   </div>
   <div class='ocr_carea' id='block_1_2' title="bbox 332 355 2506 3894">
    <p class='ocr_par' dir='ltr' id='par_1_2' title="bbox 405 355 2527 759">
     <span class='ocr_line' id='line_1_2' title="bbox 405 355 2506 461; baseline 0.004 -32"><span class='ocrx_word' id='word_1_4' title='bbox 405 362 422 379; x_wconf 89' lang='lat'><em>&#39;</em></span> <span class='ocrx_word' id='word_1_5' title='bbox 467 380 588 430; x_wconf 71' lang='lat' dir='ltr'>vos</span> <span class='ocrx_word' id='word_1_6' title='bbox 624 359 692 432; x_wconf 90' lang='lat' dir='ltr'>in</span> <span class='ocrx_word' id='word_1_7' title='bbox 731 355 925 431; x_wconf 88' lang='lat' dir='ltr'>solam</span> <span class='ocrx_word' id='word_1_8' title='bbox 958 356 1262 431; x_wconf 78' lang='lat' dir='ltr'>barbariei</span> <span class='ocrx_word' id='word_1_9' title='bbox 1294 360 1716 433; x_wconf 82' lang='lat' dir='ltr'>hereditatem</span> <span class='ocrx_word' id='word_1_10' title='bbox 1735 359 2322 459; x_wconf 80' lang='lat' dir='ltr'>admiffosingenua</span> <span class='ocrx_word' id='word_1_11' title='bbox 2339 362 2506 461; x_wconf 65' lang='lat' dir='ltr'>prol?</span> 
     </span>
     <span class='ocr_line' id='line_1_3' title="bbox 462 451 2497 562; baseline 0.004 -33"><span class='ocrx_word' id='word_1_12' title='bbox 462 451 734 531; x_wconf 81' lang='lat' dir='ltr'>feffione</span> <span class='ocrx_word' id='word_1_13' title='bbox 767 456 1056 531; x_wconf 73' lang='lat' dir='ltr'>firmatis.</span> <span class='ocrx_word' id='word_1_14' title='bbox 1108 459 1234 531; x_wconf 86' lang='lat' dir='ltr'>Sed</span> <span class='ocrx_word' id='word_1_15' title='bbox 1269 485 1456 562; x_wconf 81' lang='lat' dir='ltr'>agam</span> <span class='ocrx_word' id='word_1_16' title='bbox 1495 461 1696 550; x_wconf 80' lang='lat' dir='ltr'>lenius</span> <span class='ocrx_word' id='word_1_17' title='bbox 1728 468 1794 532; x_wconf 88' lang='lat'>&amp;</span> <span class='ocrx_word' id='word_1_18' title='bbox 1830 457 2144 532; x_wconf 84' lang='lat' dir='ltr'>refutandi</span> <span class='ocrx_word' id='word_1_19' title='bbox 2176 461 2497 537; x_wconf 76' lang='lat' dir='ltr'>modestia</span> 
     </span>
     <span class='ocr_line' id='line_1_4' title="bbox 465 554 2504 658; baseline 0.002 -28"><span class='ocrx_word' id='word_1_20' title='bbox 465 577 637 630; x_wconf 83' lang='lat' dir='ltr'>tuam</span> <span class='ocrx_word' id='word_1_21' title='bbox 653 554 1041 628; x_wconf 85' lang='lat' dir='ltr'>convitiandi</span> <span class='ocrx_word' id='word_1_22' title='bbox 1060 555 1425 633; x_wconf 87' lang='lat' dir='ltr'>libertatem</span> <span class='ocrx_word' id='word_1_23' title='bbox 1442 561 1828 658; x_wconf 84' lang='lat' dir='ltr'><strong>opprimam.</strong></span> <span class='ocrx_word' id='word_1_24' title='bbox 1879 560 2107 631; x_wconf 85' lang='lat' dir='ltr'>Vitam</span> <span class='ocrx_word' id='word_1_25' title='bbox 2129 602 2152 639; x_wconf 82' lang='lat'>‚</span> <span class='ocrx_word' id='word_1_26' title='bbox 2171 560 2504 635; x_wconf 83' lang='lat' dir='ltr'>existima-</span> 
     </span>
     <span class='ocr_line' id='line_1_5' title="bbox 464 652 2498 759; baseline 0.003 -32"><span class='ocrx_word' id='word_1_27' title='bbox 464 659 750 739; x_wconf 81' lang='lat' dir='ltr'>tionem,</span> <span class='ocrx_word' id='word_1_28' title='bbox 792 652 1117 740; x_wconf 85' lang='lat' dir='ltr'>instituta‚</span> <span class='ocrx_word' id='word_1_29' title='bbox 1151 683 1286 729; x_wconf 90' lang='lat' dir='ltr'>non</span> <span class='ocrx_word' id='word_1_30' title='bbox 1326 659 1765 759; x_wconf 77' lang='lat' dir='ltr'>perstringam.</span> <span class='ocrx_word' id='word_1_31' title='bbox 1822 658 1988 731; x_wconf 90' lang='lat' dir='ltr'>Illud</span> <span class='ocrx_word' id='word_1_32' title='bbox 2009 661 2498 734; x_wconf 88' lang='lat' dir='ltr'>unuminterro-</span> 
     </span>
    </p>

    <p class='ocr_par' dir='ltr' id='par_1_3' title="bbox 449 748 2503 1551">
     <span class='ocr_line' id='line_1_6' title="bbox 503 748 2503 858; baseline 0.005 -34"><span class='ocrx_word' id='word_1_33' title='bbox 503 779 583 838; x_wconf 84' lang='lat' dir='ltr'>o,</span> <span class='ocrx_word' id='word_1_34' title='bbox 639 777 750 824; x_wconf 88' lang='lat' dir='ltr'>cur</span> <span class='ocrx_word' id='word_1_35' title='bbox 786 752 1030 853; x_wconf 84' lang='lat' dir='ltr'>legibus</span> <span class='ocrx_word' id='word_1_36' title='bbox 1051 756 1454 831; x_wconf 85' lang='lat' dir='ltr'>vestrisvaria</span> <span class='ocrx_word' id='word_1_37' title='bbox 1475 748 1997 858; x_wconf 76' lang='lat' dir='ltr'>interpretatione</span> <span class='ocrx_word' id='word_1_38' title='bbox 2014 757 2372 845; x_wconf 64' lang='lat' dir='ltr'>distractis,</span> <span class='ocrx_word' id='word_1_39' title='bbox 2426 782 2503 833; x_wconf 85' lang='lat' dir='ltr'>ut</span> 
     </span>
     <span class='ocr_line' id='line_1_7' title="bbox 449 783 2487 956; baseline 0.004 -31"><span class='ocrx_word' id='word_1_40' title='bbox 449 783 527 925; x_wconf 69' lang='lat' dir='ltr'>lgri</span> <span class='ocrx_word' id='word_1_41' title='bbox 565 872 806 924; x_wconf 88' lang='lat' dir='ltr'>nomen</span> <span class='ocrx_word' id='word_1_42' title='bbox 828 902 851 939; x_wconf 86' lang='lat'><strong>,</strong></span> <span class='ocrx_word' id='word_1_43' title='bbox 882 854 978 925; x_wconf 87' lang='lat' dir='ltr'>illi</span> <span class='ocrx_word' id='word_1_44' title='bbox 997 854 1236 929; x_wconf 86' lang='lat' dir='ltr'>vestem</span> <span class='ocrx_word' id='word_1_45' title='bbox 1254 913 1277 943; x_wconf 90' lang='lat'>,</span> <span class='ocrx_word' id='word_1_46' title='bbox 1314 859 1605 956; x_wconf 81' lang='lat' dir='ltr'>plerique</span> <span class='ocrx_word' id='word_1_47' title='bbox 1626 859 2019 931; x_wconf 78' lang='lat' dir='ltr'>ceremonias</span> <span class='ocrx_word' id='word_1_48' title='bbox 2039 858 2117 928; x_wconf 90' lang='lat' dir='ltr'>ad</span> <span class='ocrx_word' id='word_1_49' title='bbox 2140 855 2487 933; x_wconf 82' lang='lat' dir='ltr'>discrimen</span> 
     </span>
     <span class='ocr_line' id='line_1_8' title="bbox 449 950 2492 1057; baseline 0.003 -33"><span class='ocrx_word' id='word_1_50' title='bbox 449 950 857 1032; x_wconf 83' lang='lat' dir='ltr'>induxerint,</span> <span class='ocrx_word' id='word_1_51' title='bbox 911 954 1202 1028; x_wconf 88' lang='lat' dir='ltr'>nondum</span> <span class='ocrx_word' id='word_1_52' title='bbox 1239 959 1473 1054; x_wconf 85' lang='lat' dir='ltr'>reperti</span> <span class='ocrx_word' id='word_1_53' title='bbox 1511 956 1634 1029; x_wconf 77' lang='lat' dir='ltr'>lint</span> <span class='ocrx_word' id='word_1_54' title='bbox 1669 958 1780 1057; x_wconf 86' lang='lat' dir='ltr'>qui</span> <span class='ocrx_word' id='word_1_55' title='bbox 1814 950 2068 1029; x_wconf 74' lang='lat' dir='ltr'>[atium</span> <span class='ocrx_word' id='word_1_56' title='bbox 2087 978 2307 1028; x_wconf 81' lang='lat' dir='ltr'>vetent</span> <span class='ocrx_word' id='word_1_57' title='bbox 2334 984 2492 1054; x_wconf 88' lang='lat' dir='ltr'>pro·</span> 
     </span>
     <span class='ocr_line' id='line_1_9' title="bbox 450 1052 2491 1156; baseline 0.002 -33"><span class='ocrx_word' id='word_1_58' title='bbox 450 1053 863 1124; x_wconf 88' lang='lat' dir='ltr'>nunciatione</span> <span class='ocrx_word' id='word_1_59' title='bbox 898 1052 1150 1127; x_wconf 84' lang='lat' dir='ltr'>barbara</span> <span class='ocrx_word' id='word_1_60' title='bbox 1187 1056 1406 1126; x_wconf 83' lang='lat' dir='ltr'>violari</span> <span class='ocrx_word' id='word_1_61' title='bbox 1427 1105 1451 1139; x_wconf 85' lang='lat'>‚</span> <span class='ocrx_word' id='word_1_62' title='bbox 1505 1057 1791 1127; x_wconf 89' lang='lat' dir='ltr'>nondum</span> <span class='ocrx_word' id='word_1_63' title='bbox 1829 1058 1935 1156; x_wconf 89' lang='lat' dir='ltr'>qui</span> <span class='ocrx_word' id='word_1_64' title='bbox 1954 1055 2235 1127; x_wconf 90' lang='lat' dir='ltr'>indicere</span> <span class='ocrx_word' id='word_1_65' title='bbox 2253 1058 2491 1128; x_wconf 88' lang='lat' dir='ltr'>Tullio</span> 
     </span>
     <span class='ocr_line' id='line_1_10' title="bbox 451 1150 2489 1251; baseline -0 -25"><span class='ocrx_word' id='word_1_66' title='bbox 451 1152 736 1233; x_wconf 58' lang='lat' dir='ltr'>bellunm</span> <span class='ocrx_word' id='word_1_67' title='bbox 794 1158 1200 1248; x_wconf 82' lang='lat' dir='ltr'>Qamquam</span> <span class='ocrx_word' id='word_1_68' title='bbox 1236 1155 1391 1251; x_wconf 84' lang='lat' dir='ltr'>quid</span> <span class='ocrx_word' id='word_1_69' title='bbox 1426 1150 1642 1225; x_wconf 89' lang='lat' dir='ltr'>frustra</span> <span class='ocrx_word' id='word_1_70' title='bbox 1658 1157 1726 1225; x_wconf 90' lang='lat' dir='ltr'>in</span> <span class='ocrx_word' id='word_1_71' title='bbox 1746 1180 1969 1227; x_wconf 87' lang='lat' dir='ltr'>arcana</span> <span class='ocrx_word' id='word_1_72' title='bbox 1986 1153 2184 1227; x_wconf 87' lang='lat' dir='ltr'>vestra</span> <span class='ocrx_word' id='word_1_73' title='bbox 2202 1155 2489 1243; x_wconf 80' lang='lat' dir='ltr'>intueor,</span> 
     </span>
     <span class='ocr_line' id='line_1_11' title="bbox 452 1250 2487 1350; baseline 0.002 -29"><span class='ocrx_word' id='word_1_74' title='bbox 452 1250 635 1323; x_wconf 85' lang='lat' dir='ltr'>vobis</span> <span class='ocrx_word' id='word_1_75' title='bbox 672 1250 971 1322; x_wconf 87' lang='lat' dir='ltr'>omnibus</span> <span class='ocrx_word' id='word_1_76' title='bbox 1012 1250 1298 1324; x_wconf 86' lang='lat' dir='ltr'>solitariis</span> <span class='ocrx_word' id='word_1_77' title='bbox 1336 1250 1857 1327; x_wconf 85' lang='lat' dir='ltr'>aestimationibus</span> <span class='ocrx_word' id='word_1_78' title='bbox 1910 1257 2137 1326; x_wconf 73' lang='grc' dir='ltr'><strong>ευηᾶει</strong></span> <span class='ocrx_word' id='word_1_79' title='bbox 2192 1273 2487 1350; x_wconf 82' lang='lat' dir='ltr'>reputare</span> 
     </span>
     <span class='ocr_line' id='line_1_12' title="bbox 452 1348 2491 1440; baseline 0 -16"><span class='ocrx_word' id='word_1_80' title='bbox 452 1349 767 1424; x_wconf 88' lang='lat' dir='ltr'>consuetis</span> <span class='ocrx_word' id='word_1_81' title='bbox 789 1378 808 1421; x_wconf 77' lang='lat' dir='ltr'>t</span> <span class='ocrx_word' id='word_1_82' title='bbox 864 1348 1032 1423; x_wconf 87' lang='lat' dir='ltr'>unde</span> <span class='ocrx_word' id='word_1_83' title='bbox 1047 1373 1180 1422; x_wconf 89' lang='lat' dir='ltr'>tuta</span> <span class='ocrx_word' id='word_1_84' title='bbox 1196 1351 1571 1426; x_wconf 88' lang='lat' dir='ltr'>cubiliorum</span> <span class='ocrx_word' id='word_1_85' title='bbox 1588 1349 1825 1424; x_wconf 81' lang='lat' dir='ltr'>secreta</span> <span class='ocrx_word' id='word_1_86' title='bbox 1848 1411 1870 1440; x_wconf 88' lang='lat'>,</span> <span class='ocrx_word' id='word_1_87' title='bbox 1895 1353 2062 1425; x_wconf 88' lang='lat' dir='ltr'>unde</span> <span class='ocrx_word' id='word_1_88' title='bbox 2079 1352 2395 1424; x_wconf 90' lang='lat' dir='ltr'>horribilis</span> <span class='ocrx_word' id='word_1_89' title='bbox 2416 1354 2491 1424; x_wconf 89' lang='lat' dir='ltr'>in</span> 
     </span>
     <span class='ocr_line' id='line_1_13' title="bbox 449 1446 2490 1551; baseline 0.001 -29"><span class='ocrx_word' id='word_1_90' title='bbox 449 1451 733 1547; x_wconf 84' lang='lat' dir='ltr'>juniores</span> <span class='ocrx_word' id='word_1_91' title='bbox 749 1446 994 1521; x_wconf 71' lang='lat' dir='ltr'>sanfflo</span> <span class='ocrx_word' id='word_1_92' title='bbox 1009 1499 1034 1535; x_wconf 78' lang='grc'><em>,</em></span> <span class='ocrx_word' id='word_1_93' title='bbox 1056 1475 1139 1522; x_wconf 88' lang='lat' dir='ltr'>ne</span> <span class='ocrx_word' id='word_1_94' title='bbox 1155 1451 1481 1550; x_wconf 75' lang='lat' dir='ltr'>improvisi</span> <span class='ocrx_word' id='word_1_95' title='bbox 1498 1457 1563 1525; x_wconf 89' lang='lat' dir='ltr'>in</span> <span class='ocrx_word' id='word_1_96' title='bbox 1579 1447 1896 1527; x_wconf 87' lang='lat' dir='ltr'>seniorum</span> <span class='ocrx_word' id='word_1_97' title='bbox 1915 1452 2089 1525; x_wconf 87' lang='lat' dir='ltr'>sedes</span> <span class='ocrx_word' id='word_1_98' title='bbox 2108 1455 2490 1551; x_wconf 83' lang='lat' dir='ltr'>irrumpant.</span> 
     </span>
    </p>

    <p class='ocr_par' dir='ltr' id='par_1_4' title="bbox 332 1547 2492 1653">
     <span class='ocr_line' id='line_1_14' title="bbox 332 1547 2492 1653; baseline -0.001 -28"><span class='ocrx_word' id='word_1_99' title='bbox 332 1570 427 1646; x_wconf 78' lang='lat'>27</span> <span class='ocrx_word' id='word_1_100' title='bbox 553 1556 732 1626; x_wconf 90' lang='lat' dir='ltr'>Cum</span> <span class='ocrx_word' id='word_1_101' title='bbox 754 1550 869 1622; x_wconf 82' lang='lat' dir='ltr'>alia</span> <span class='ocrx_word' id='word_1_102' title='bbox 887 1547 987 1620; x_wconf 89' lang='lat' dir='ltr'>his</span> <span class='ocrx_word' id='word_1_103' title='bbox 1003 1548 1271 1638; x_wconf 69' lang='lat' dir='ltr'>similia,</span> <span class='ocrx_word' id='word_1_104' title='bbox 1309 1553 1410 1623; x_wconf 91' lang='lat' dir='ltr'>vel</span> <span class='ocrx_word' id='word_1_105' title='bbox 1431 1554 1625 1624; x_wconf 81' lang='lat' dir='ltr'>etiam</span> <span class='ocrx_word' id='word_1_106' title='bbox 1647 1548 1970 1653; x_wconf 83' lang='lat' dir='ltr'>frigidiora</span> <span class='ocrx_word' id='word_1_107' title='bbox 1985 1572 2266 1653; x_wconf 77' lang='lat' dir='ltr'>pararet,</span> <span class='ocrx_word' id='word_1_108' title='bbox 2309 1552 2492 1623; x_wconf 85' lang='lat' dir='ltr'>venit</span> 
     </span>
    </p>

    <p class='ocr_par' dir='ltr' id='par_1_5' title="bbox 417 1647 2497 3894">
     <span class='ocr_line' id='line_1_15' title="bbox 417 1647 2495 1749; baseline 0 -28"><span class='ocrx_word' id='word_1_109' title='bbox 417 1665 423 1675; x_wconf 86' lang='grc'><strong>’</strong></span> <span class='ocrx_word' id='word_1_110' title='bbox 450 1647 532 1721; x_wconf 85' lang='lat' dir='ltr'>ab</span> <span class='ocrx_word' id='word_1_111' title='bbox 556 1649 942 1749; x_wconf 81' lang='lat' dir='ltr'>Archoropo</span> <span class='ocrx_word' id='word_1_112' title='bbox 960 1652 1256 1739; x_wconf 88' lang='lat' dir='ltr'>nuncius,</span> <span class='ocrx_word' id='word_1_113' title='bbox 1278 1659 1346 1725; x_wconf 88' lang='lat'>&amp;</span> <span class='ocrx_word' id='word_1_114' title='bbox 1369 1650 1631 1726; x_wconf 84' lang='lat' dir='ltr'>diremit</span> <span class='ocrx_word' id='word_1_115' title='bbox 1651 1650 2101 1727; x_wconf 83' lang='lat' dir='ltr'>steriliffimam</span> <span class='ocrx_word' id='word_1_116' title='bbox 2119 1655 2327 1725; x_wconf 88' lang='lat' dir='ltr'>litem.</span> <span class='ocrx_word' id='word_1_117' title='bbox 2352 1651 2495 1741; x_wconf 80' lang='lat' dir='ltr'>Qi</span> 
     </span>
     <span class='ocr_line' id='line_1_16' title="bbox 448 1748 2497 1850; baseline 0 -28"><span class='ocrx_word' id='word_1_118' title='bbox 448 1772 522 1823; x_wconf 84' lang='lat' dir='ltr'>nt</span> <span class='ocrx_word' id='word_1_119' title='bbox 555 1752 877 1825; x_wconf 83' lang='lat' dir='ltr'>audiverat</span> <span class='ocrx_word' id='word_1_120' title='bbox 914 1748 981 1820; x_wconf 91' lang='lat' dir='ltr'>in</span> <span class='ocrx_word' id='word_1_121' title='bbox 1015 1752 1264 1824; x_wconf 86' lang='lat' dir='ltr'>ltaliam</span> <span class='ocrx_word' id='word_1_122' title='bbox 1283 1775 1624 1850; x_wconf 85' lang='lat' dir='ltr'>properare</span> <span class='ocrx_word' id='word_1_123' title='bbox 1645 1753 1987 1824; x_wconf 87' lang='lat' dir='ltr'>Fibullium</span> <span class='ocrx_word' id='word_1_124' title='bbox 2011 1802 2036 1840; x_wconf 80' lang='lat'><strong>,</strong></span> <span class='ocrx_word' id='word_1_125' title='bbox 2091 1756 2369 1824; x_wconf 89' lang='lat' dir='ltr'>ultorem</span> <span class='ocrx_word' id='word_1_126' title='bbox 2391 1751 2497 1822; x_wconf 87' lang='lat' dir='ltr'>in·</span> 
     </span>
     <span class='ocr_line' id='line_1_17' title="bbox 443 1846 2497 1952; baseline -0.002 -30"><span class='ocrx_word' id='word_1_127' title='bbox 443 1849 629 1949; x_wconf 81' lang='lat' dir='ltr'>juriae</span> <span class='ocrx_word' id='word_1_128' title='bbox 664 1877 855 1952; x_wconf 85' lang='lat' dir='ltr'>quam</span> <span class='ocrx_word' id='word_1_129' title='bbox 892 1849 1102 1922; x_wconf 88' lang='lat' dir='ltr'>minus</span> <span class='ocrx_word' id='word_1_130' title='bbox 1137 1848 1323 1922; x_wconf 88' lang='lat' dir='ltr'>bonis</span> <span class='ocrx_word' id='word_1_131' title='bbox 1359 1849 1759 1948; x_wconf 85' lang='lat' dir='ltr'>temporibus</span> <span class='ocrx_word' id='word_1_132' title='bbox 1775 1871 2138 1946; x_wconf 83' lang='lat' dir='ltr'>acceperat,</span> <span class='ocrx_word' id='word_1_133' title='bbox 2193 1846 2497 1945; x_wconf 80' lang='lat' dir='ltr'>cumipse</span> 
     </span>
     <span class='ocr_line' id='line_1_18' title="bbox 451 1944 2496 2050; baseline -0.003 -27"><span class='ocrx_word' id='word_1_134' title='bbox 451 1951 875 2050; x_wconf 83' lang='lat' dir='ltr'>Archoropus</span> <span class='ocrx_word' id='word_1_135' title='bbox 912 1946 1280 2022; x_wconf 88' lang='lat' dir='ltr'>domesticis</span> <span class='ocrx_word' id='word_1_136' title='bbox 1318 1950 1651 2044; x_wconf 88' lang='lat' dir='ltr'>implicato</span> <span class='ocrx_word' id='word_1_137' title='bbox 1670 1950 1949 2044; x_wconf 88' lang='lat' dir='ltr'>negotiis</span> <span class='ocrx_word' id='word_1_138' title='bbox 1969 1944 2355 2024; x_wconf 86' lang='lat' dir='ltr'>insultasset,</span> <span class='ocrx_word' id='word_1_139' title='bbox 2390 1947 2496 2017; x_wconf 65' lang='lat' dir='ltr'>dic-</span> 
     </span>
     <span class='ocr_line' id='line_1_19' title="bbox 448 2040 2489 2145; baseline -0.003 -25"><span class='ocrx_word' id='word_1_140' title='bbox 448 2051 649 2143; x_wconf 82' lang='lat' dir='ltr'>reptis</span> <span class='ocrx_word' id='word_1_141' title='bbox 685 2052 932 2145; x_wconf 84' lang='lat' dir='ltr'>aliquot</span> <span class='ocrx_word' id='word_1_142' title='bbox 965 2044 1259 2124; x_wconf 72' lang='lat' dir='ltr'>sarcinis,</span> <span class='ocrx_word' id='word_1_143' title='bbox 1315 2069 1461 2115; x_wconf 90' lang='lat' dir='ltr'>cum</span> <span class='ocrx_word' id='word_1_144' title='bbox 1495 2041 1812 2122; x_wconf 82' lang='lat' dir='ltr'>curribus,</span> <span class='ocrx_word' id='word_1_145' title='bbox 1854 2043 2078 2141; x_wconf 89' lang='lat' dir='ltr'>quibus</span> <span class='ocrx_word' id='word_1_146' title='bbox 2116 2040 2267 2140; x_wconf 83' lang='lat' dir='ltr'>ipsae</span> <span class='ocrx_word' id='word_1_147' title='bbox 2287 2040 2489 2113; x_wconf 83' lang='lat' dir='ltr'>vehe-</span> 
     </span>
     <span class='ocr_line' id='line_1_20' title="bbox 445 2139 2490 2242; baseline 0 -27"><span class='ocrx_word' id='word_1_148' title='bbox 445 2145 715 2223; x_wconf 83' lang='lat' dir='ltr'>bantur,</span> <span class='ocrx_word' id='word_1_149' title='bbox 766 2144 977 2242; x_wconf 89' lang='lat' dir='ltr'>primo</span> <span class='ocrx_word' id='word_1_150' title='bbox 1008 2142 1308 2212; x_wconf 88' lang='lat' dir='ltr'>nuncium</span> <span class='ocrx_word' id='word_1_151' title='bbox 1344 2164 1678 2212; x_wconf 88' lang='lat' dir='ltr'>occurrere</span> <span class='ocrx_word' id='word_1_152' title='bbox 1715 2140 1960 2235; x_wconf 80' lang='lat' dir='ltr'>jusserat</span> <span class='ocrx_word' id='word_1_153' title='bbox 1994 2188 2016 2221; x_wconf 88' lang='lat'>,</span> <span class='ocrx_word' id='word_1_154' title='bbox 2070 2139 2206 2239; x_wconf 90' lang='lat' dir='ltr'>ipse</span> <span class='ocrx_word' id='word_1_155' title='bbox 2245 2141 2490 2216; x_wconf 85' lang='lat' dir='ltr'>deinde</span> 
     </span>
     <span class='ocr_line' id='line_1_21' title="bbox 443 2236 2491 2340; baseline 0.001 -28"><span class='ocrx_word' id='word_1_156' title='bbox 443 2268 635 2340; x_wconf 88' lang='lat' dir='ltr'>quam</span> <span class='ocrx_word' id='word_1_157' title='bbox 658 2242 950 2315; x_wconf 84' lang='lat' dir='ltr'>maximis</span> <span class='ocrx_word' id='word_1_158' title='bbox 974 2236 1344 2338; x_wconf 86' lang='lat' dir='ltr'>sequebatur</span> <span class='ocrx_word' id='word_1_159' title='bbox 1360 2240 1688 2311; x_wconf 86' lang='lat' dir='ltr'>itineribus</span> <span class='ocrx_word' id='word_1_160' title='bbox 1708 2289 1733 2324; x_wconf 86' lang='lat'><strong>,</strong></span> <span class='ocrx_word' id='word_1_161' title='bbox 1787 2244 1951 2313; x_wconf 83' lang='lat' dir='ltr'>nulla</span> <span class='ocrx_word' id='word_1_162' title='bbox 1972 2241 2201 2312; x_wconf 85' lang='lat' dir='ltr'>damna</span> <span class='ocrx_word' id='word_1_163' title='bbox 2222 2266 2352 2340; x_wconf 83' lang='lat' dir='ltr'>prae</span> <span class='ocrx_word' id='word_1_164' title='bbox 2380 2244 2491 2315; x_wconf 81' lang='lat' dir='ltr'>Fi-</span> 
     </span>
     <span class='ocr_line' id='line_1_22' title="bbox 443 2335 2491 2441; baseline 0 -27"><span class='ocrx_word' id='word_1_165' title='bbox 443 2343 628 2414; x_wconf 90' lang='lat' dir='ltr'>bullii</span> <span class='ocrx_word' id='word_1_166' title='bbox 643 2339 801 2414; x_wconf 90' lang='lat' dir='ltr'>odio</span> <span class='ocrx_word' id='word_1_167' title='bbox 818 2336 1154 2411; x_wconf 77' lang='lat' dir='ltr'>aestimans.</span> <span class='ocrx_word' id='word_1_168' title='bbox 1204 2341 1412 2439; x_wconf 85' lang='lat' dir='ltr'>Igitur</span> <span class='ocrx_word' id='word_1_169' title='bbox 1434 2335 1739 2438; x_wconf 88' lang='lat' dir='ltr'>postridie</span> <span class='ocrx_word' id='word_1_170' title='bbox 1755 2387 1777 2420; x_wconf 87' lang='lat'>‚</span> <span class='ocrx_word' id='word_1_171' title='bbox 1800 2367 1990 2441; x_wconf 87' lang='lat' dir='ltr'>quam</span> <span class='ocrx_word' id='word_1_172' title='bbox 2008 2344 2304 2413; x_wconf 88' lang='lat' dir='ltr'>attulerat</span> <span class='ocrx_word' id='word_1_173' title='bbox 2322 2366 2491 2415; x_wconf 85' lang='lat' dir='ltr'>nun-</span> 
     </span>
     <span class='ocr_line' id='line_1_23' title="bbox 447 2435 2485 2536; baseline 0 -23"><span class='ocrx_word' id='word_1_174' title='bbox 447 2444 583 2513; x_wconf 84' lang='lat' dir='ltr'>cius</span> <span class='ocrx_word' id='word_1_175' title='bbox 619 2442 879 2520; x_wconf 85' lang='lat' dir='ltr'>literas,</span> <span class='ocrx_word' id='word_1_176' title='bbox 914 2435 1332 2536; x_wconf 84' lang='lat' dir='ltr'>Archoropus</span> <span class='ocrx_word' id='word_1_177' title='bbox 1368 2440 1668 2522; x_wconf 73' lang='lat' dir='ltr'>advenit,</span> <span class='ocrx_word' id='word_1_178' title='bbox 1722 2463 1855 2511; x_wconf 91' lang='lat' dir='ltr'>tam</span> <span class='ocrx_word' id='word_1_179' title='bbox 1893 2467 1995 2513; x_wconf 85' lang='lat' dir='ltr'>ma</span> <span class='ocrx_word' id='word_1_180' title='bbox 2050 2438 2248 2512; x_wconf 86' lang='lat' dir='ltr'>nifico</span> <span class='ocrx_word' id='word_1_181' title='bbox 2284 2447 2485 2526; x_wconf 87' lang='lat' dir='ltr'>cultu,</span> 
     </span>
     <span class='ocr_line' id='line_1_24' title="bbox 447 2465 2492 2639; baseline 0 -27"><span class='ocrx_word' id='word_1_182' title='bbox 447 2561 517 2613; x_wconf 91' lang='lat' dir='ltr'>ut</span> <span class='ocrx_word' id='word_1_183' title='bbox 534 2540 842 2614; x_wconf 46' lang='lat' dir='ltr'>illumwix</span> <span class='ocrx_word' id='word_1_184' title='bbox 858 2539 1122 2622; x_wconf 81' lang='lat' dir='ltr'>animo,</span> <span class='ocrx_word' id='word_1_185' title='bbox 1168 2537 1406 2610; x_wconf 88' lang='lat' dir='ltr'>nedum</span> <span class='ocrx_word' id='word_1_186' title='bbox 1421 2538 1623 2610; x_wconf 87' lang='lat' dir='ltr'>oculis</span> <span class='ocrx_word' id='word_1_187' title='bbox 1647 2564 1872 2636; x_wconf 84' lang='lat' dir='ltr'>capere</span> <span class='ocrx_word' id='word_1_188' title='bbox 1896 2465 2162 2639; x_wconf 41' lang='lat' dir='ltr'>possem.</span> <span class='ocrx_word' id='word_1_189' title='bbox 2214 2543 2492 2613; x_wconf 87' lang='lat' dir='ltr'>Auriar-</span> 
     </span>
     <span class='ocr_line' id='line_1_25' title="bbox 445 2635 2492 2757; baseline 0 -45"><span class='ocrx_word' id='word_1_190' title='bbox 445 2641 758 2757; x_wconf 73' lang='lat' dir='ltr'>gentique</span> <span class='ocrx_word' id='word_1_191' title='bbox 792 2640 972 2711; x_wconf 87' lang='lat' dir='ltr'>omni</span> <span class='ocrx_word' id='word_1_192' title='bbox 995 2635 1124 2709; x_wconf 85' lang='lat' dir='ltr'>fide</span> <span class='ocrx_word' id='word_1_193' title='bbox 1140 2640 1330 2735; x_wconf 85' lang='lat' dir='ltr'>copia</span> <span class='ocrx_word' id='word_1_194' title='bbox 1347 2639 1595 2731; x_wconf 85' lang='lat' dir='ltr'>major,</span> <span class='ocrx_word' id='word_1_195' title='bbox 1630 2662 1939 2737; x_wconf 86' lang='lat' dir='ltr'>equorum</span> <span class='ocrx_word' id='word_1_196' title='bbox 1957 2637 2492 2740; x_wconf 82' lang='lat' dir='ltr'>nobilissimigre·</span> 
     </span>
     <span class='ocr_line' id='line_1_26' title="bbox 448 2736 2488 2840; baseline 0 -30"><span class='ocrx_word' id='word_1_197' title='bbox 448 2761 610 2840; x_wconf 83' lang='lat' dir='ltr'>ges,</span> <span class='ocrx_word' id='word_1_198' title='bbox 664 2762 895 2838; x_wconf 75' lang='lat' dir='ltr'>ingens</span> <span class='ocrx_word' id='word_1_199' title='bbox 933 2736 1251 2810; x_wconf 89' lang='lat' dir='ltr'>servorum</span> <span class='ocrx_word' id='word_1_200' title='bbox 1289 2761 1628 2820; x_wconf 86' lang='lat' dir='ltr'>numerus,</span> <span class='ocrx_word' id='word_1_201' title='bbox 1668 2744 1734 2809; x_wconf 86' lang='lat'>&amp;</span> <span class='ocrx_word' id='word_1_202' title='bbox 1774 2739 1994 2810; x_wconf 83' lang='lat' dir='ltr'>omnia</span> <span class='ocrx_word' id='word_1_203' title='bbox 2015 2740 2187 2810; x_wconf 89' lang='lat' dir='ltr'>velut</span> <span class='ocrx_word' id='word_1_204' title='bbox 2202 2737 2277 2809; x_wconf 85' lang='lat' dir='ltr'>ad</span> <span class='ocrx_word' id='word_1_205' title='bbox 2296 2765 2488 2835; x_wconf 89' lang='lat' dir='ltr'>pom-</span> 
     </span>
     <span class='ocr_line' id='line_1_27' title="bbox 446 2833 2487 2940; baseline -0 -31"><span class='ocrx_word' id='word_1_206' title='bbox 446 2865 600 2940; x_wconf 83' lang='lat' dir='ltr'>pam</span> <span class='ocrx_word' id='word_1_207' title='bbox 632 2834 987 2933; x_wconf 88' lang='lat' dir='ltr'>fastumque</span> <span class='ocrx_word' id='word_1_208' title='bbox 1008 2833 1363 2909; x_wconf 86' lang='lat' dir='ltr'>subornata.</span> <span class='ocrx_word' id='word_1_209' title='bbox 1414 2843 1595 2909; x_wconf 86' lang='lat' dir='ltr'>Tum</span> <span class='ocrx_word' id='word_1_210' title='bbox 1615 2836 1692 2907; x_wconf 86' lang='lat' dir='ltr'>ad</span> <span class='ocrx_word' id='word_1_211' title='bbox 1713 2837 2228 2936; x_wconf 84' lang='lat' dir='ltr'>deprecationem</span> <span class='ocrx_word' id='word_1_212' title='bbox 2248 2835 2487 2920; x_wconf 86' lang='lat' dir='ltr'>versus,</span> 
     </span>
     <span class='ocr_line' id='line_1_28' title="bbox 445 2932 2482 3030; baseline -0.003 -18"><span class='ocrx_word' id='word_1_213' title='bbox 445 2961 519 3012; x_wconf 81' lang='lat' dir='ltr'>ut</span> <span class='ocrx_word' id='word_1_214' title='bbox 536 2937 649 3012; x_wconf 80' lang='lat' dir='ltr'>{ibi</span> <span class='ocrx_word' id='word_1_215' title='bbox 671 2934 968 3011; x_wconf 85' lang='lat' dir='ltr'>Fibullius</span> <span class='ocrx_word' id='word_1_216' title='bbox 987 2934 1128 3008; x_wconf 88' lang='lat' dir='ltr'>satis</span> <span class='ocrx_word' id='word_1_217' title='bbox 1150 2932 1288 3008; x_wconf 85' lang='lat' dir='ltr'>fieri</span> <span class='ocrx_word' id='word_1_218' title='bbox 1309 2936 1535 3008; x_wconf 71' lang='lat' dir='ltr'>sineret</span> <span class='ocrx_word' id='word_1_219' title='bbox 1553 2983 1577 3021; x_wconf 91' lang='lat'>‚</span> <span class='ocrx_word' id='word_1_220' title='bbox 1614 2935 1764 3008; x_wconf 90' lang='lat' dir='ltr'>ideo</span> <span class='ocrx_word' id='word_1_221' title='bbox 1778 2959 2039 3008; x_wconf 82' lang='lat' dir='ltr'>exorare</span> <span class='ocrx_word' id='word_1_222' title='bbox 2058 2961 2186 3007; x_wconf 89' lang='lat' dir='ltr'>non</span> <span class='ocrx_word' id='word_1_223' title='bbox 2205 2955 2482 3030; x_wconf 86' lang='lat' dir='ltr'>poterat,</span> 
     </span>
     <span class='ocr_line' id='line_1_29' title="bbox 446 3029 2488 3142; baseline -0.003 -31"><span class='ocrx_word' id='word_1_224' title='bbox 446 3038 627 3142; x_wconf 84' lang='lat' dir='ltr'>quod</span> <span class='ocrx_word' id='word_1_225' title='bbox 664 3038 870 3110; x_wconf 79' lang='lat' dir='ltr'>inanis</span> <span class='ocrx_word' id='word_1_226' title='bbox 905 3057 1160 3135; x_wconf 82' lang='lat' dir='ltr'>pompae</span> <span class='ocrx_word' id='word_1_227' title='bbox 1177 3035 1337 3107; x_wconf 89' lang='lat' dir='ltr'>ordo</span> <span class='ocrx_word' id='word_1_228' title='bbox 1354 3036 1425 3105; x_wconf 88' lang='lat' dir='ltr'>in</span> <span class='ocrx_word' id='word_1_229' title='bbox 1443 3030 1724 3132; x_wconf 87' lang='lat' dir='ltr'>supplice</span> <span class='ocrx_word' id='word_1_230' title='bbox 1741 3060 1858 3132; x_wconf 90' lang='lat' dir='ltr'>pro</span> <span class='ocrx_word' id='word_1_231' title='bbox 1877 3029 2279 3104; x_wconf 83' lang='lat' dir='ltr'>contumacia</span> <span class='ocrx_word' id='word_1_232' title='bbox 2299 3057 2488 3131; x_wconf 87' lang='lat' dir='ltr'>repu-</span> 
     </span>
     <span class='ocr_line' id='line_1_30' title="bbox 444 3130 2492 3229; baseline -0.004 -17"><span class='ocrx_word' id='word_1_233' title='bbox 444 3138 731 3212; x_wconf 81' lang='lat' dir='ltr'>tabatur:</span> <span class='ocrx_word' id='word_1_234' title='bbox 779 3145 847 3209; x_wconf 87' lang='lat'>&amp;</span> <span class='ocrx_word' id='word_1_235' title='bbox 879 3134 1017 3209; x_wconf 84' lang='lat' dir='ltr'>haec</span> <span class='ocrx_word' id='word_1_236' title='bbox 1052 3133 1265 3210; x_wconf 88' lang='lat' dir='ltr'>secum</span> <span class='ocrx_word' id='word_1_237' title='bbox 1311 3133 1612 3206; x_wconf 82' lang='lat' dir='ltr'>Fibullius</span> <span class='ocrx_word' id='word_1_238' title='bbox 1633 3136 1823 3228; x_wconf 74' lang='lat' dir='ltr'>longa</span> <span class='ocrx_word' id='word_1_239' title='bbox 1839 3133 2237 3229; x_wconf 83' lang='lat' dir='ltr'>cogitatione</span> <span class='ocrx_word' id='word_1_240' title='bbox 2266 3130 2492 3229; x_wconf 87' lang='lat' dir='ltr'>pensa-</span> 
     </span>
     <span class='ocr_line' id='line_1_31' title="bbox 446 3226 2489 3330; baseline -0.004 -18"><span class='ocrx_word' id='word_1_241' title='bbox 446 3237 586 3312; x_wconf 81' lang='lat' dir='ltr'>bat.</span> <span class='ocrx_word' id='word_1_242' title='bbox 638 3236 825 3326; x_wconf 73' lang='lat' dir='ltr'>Quid</span> <span class='ocrx_word' id='word_1_243' title='bbox 841 3233 948 3306; x_wconf 83' lang='lat' dir='ltr'>hic</span> <span class='ocrx_word' id='word_1_244' title='bbox 968 3255 1158 3307; x_wconf 81' lang='lat' dir='ltr'>tanta:</span> <span class='ocrx_word' id='word_1_245' title='bbox 1176 3255 1471 3306; x_wconf 88' lang='lat' dir='ltr'>numerus</span> <span class='ocrx_word' id='word_1_246' title='bbox 1490 3226 1794 3305; x_wconf 67' lang='lat' dir='ltr'>familia?</span> <span class='ocrx_word' id='word_1_247' title='bbox 1830 3232 1982 3330; x_wconf 89' lang='lat' dir='ltr'>quid</span> <span class='ocrx_word' id='word_1_248' title='bbox 2002 3228 2285 3329; x_wconf 88' lang='lat' dir='ltr'>sumptus</span> <span class='ocrx_word' id='word_1_249' title='bbox 2304 3234 2489 3304; x_wconf 88' lang='lat' dir='ltr'>inlu-</span> 
     </span>
     <span class='ocr_line' id='line_1_32' title="bbox 446 3327 2485 3435; baseline -0.004 -25"><span class='ocrx_word' id='word_1_250' title='bbox 446 3338 695 3410; x_wconf 75' lang='lat' dir='ltr'>xuriam</span> <span class='ocrx_word' id='word_1_251' title='bbox 735 3358 1003 3435; x_wconf 77' lang='lat' dir='ltr'>vergens</span> <span class='ocrx_word' id='word_1_252' title='bbox 1035 3335 1065 3406; x_wconf 83' lang='lat'><strong>?</strong></span> <span class='ocrx_word' id='word_1_253' title='bbox 1109 3336 1295 3407; x_wconf 87' lang='lat' dir='ltr'>Num</span> <span class='ocrx_word' id='word_1_254' title='bbox 1337 3329 1798 3403; x_wconf 81' lang='lat' dir='ltr'>affimulatione</span> <span class='ocrx_word' id='word_1_255' title='bbox 1837 3329 2167 3402; x_wconf 83' lang='lat' dir='ltr'>vaniffima</span> <span class='ocrx_word' id='word_1_256' title='bbox 2208 3327 2386 3429; x_wconf 85' lang='lat' dir='ltr'>supra</span> <span class='ocrx_word' id='word_1_257' title='bbox 2421 3329 2485 3401; x_wconf 91' lang='lat' dir='ltr'>se</span> 
     </span>
     <span class='ocr_line' id='line_1_33' title="bbox 451 3427 2483 3535; baseline -0.003 -29"><span class='ocrx_word' id='word_1_258' title='bbox 451 3456 725 3535; x_wconf 81' lang='lat' dir='ltr'>magnos</span> <span class='ocrx_word' id='word_1_259' title='bbox 740 3432 993 3533; x_wconf 87' lang='lat' dir='ltr'>effingit</span> <span class='ocrx_word' id='word_1_260' title='bbox 1010 3437 1038 3509; x_wconf 72' lang='lat' dir='ltr'>i</span> <span class='ocrx_word' id='word_1_261' title='bbox 1069 3437 1251 3507; x_wconf 88' lang='lat' dir='ltr'>Num</span> <span class='ocrx_word' id='word_1_262' title='bbox 1270 3432 1401 3503; x_wconf 88' lang='lat' dir='ltr'>mei</span> <span class='ocrx_word' id='word_1_263' title='bbox 1420 3431 1738 3502; x_wconf 82' lang='lat' dir='ltr'>raritatem</span> <span class='ocrx_word' id='word_1_264' title='bbox 1764 3428 2096 3502; x_wconf 86' lang='lat' dir='ltr'>ministerii</span> <span class='ocrx_word' id='word_1_265' title='bbox 2120 3427 2354 3527; x_wconf 85' lang='lat' dir='ltr'>spernit</span> <span class='ocrx_word' id='word_1_266' title='bbox 2372 3457 2396 3521; x_wconf 80' lang='lat'>3</span> <span class='ocrx_word' id='word_1_267' title='bbox 2414 3434 2483 3500; x_wconf 77' lang='grc' dir='ltr'>δι</span> 
     </span>
     <span class='ocr_line' id='line_1_34' title="bbox 450 3526 2491 3632; baseline -0.003 -26"><span class='ocrx_word' id='word_1_268' title='bbox 450 3532 568 3606; x_wconf 71' lang='lat' dir='ltr'>sibi</span> <span class='ocrx_word' id='word_1_269' title='bbox 588 3531 1075 3604; x_wconf 86' lang='lat' dir='ltr'>admirationem</span> <span class='ocrx_word' id='word_1_270' title='bbox 1094 3553 1371 3632; x_wconf 84' lang='lat' dir='ltr'>quaerere</span> <span class='ocrx_word' id='word_1_271' title='bbox 1392 3577 1414 3611; x_wconf 86' lang='lat'><strong>,</strong></span> <span class='ocrx_word' id='word_1_272' title='bbox 1464 3538 1531 3603; x_wconf 73' lang='grc' dir='ltr'>δε</span> <span class='ocrx_word' id='word_1_273' title='bbox 1555 3553 1843 3600; x_wconf 88' lang='lat' dir='ltr'>meorum</span> <span class='ocrx_word' id='word_1_274' title='bbox 1865 3526 2060 3602; x_wconf 81' lang='lat' dir='ltr'>fidem</span> <span class='ocrx_word' id='word_1_275' title='bbox 2079 3552 2491 3627; x_wconf 86' lang='lat' dir='ltr'>corrumpere</span> 
     </span>
     <span class='ocr_line' id='line_1_35' title="bbox 455 3615 2493 3729; baseline -0.004 -23"><span class='ocrx_word' id='word_1_276' title='bbox 455 3631 574 3706; x_wconf 81' lang='lat' dir='ltr'>bac</span> <span class='ocrx_word' id='word_1_277' title='bbox 591 3649 726 3702; x_wconf 81' lang='lat' dir='ltr'>arte</span> <span class='ocrx_word' id='word_1_278' title='bbox 738 3627 1266 3729; x_wconf 79' lang='lat' dir='ltr'>quaelivit?Auxit</span> <span class='ocrx_word' id='word_1_279' title='bbox 1286 3628 1448 3699; x_wconf 86' lang='lat' dir='ltr'>hanc</span> <span class='ocrx_word' id='word_1_280' title='bbox 1465 3629 1531 3699; x_wconf 90' lang='lat' dir='ltr'>in</span> <span class='ocrx_word' id='word_1_281' title='bbox 1551 3627 1827 3699; x_wconf 83' lang='lat' dir='ltr'>Fibullio</span> <span class='ocrx_word' id='word_1_282' title='bbox 1844 3615 2264 3726; x_wconf 44' lang='lat' dir='ltr'>suspicionem</span> <span class='ocrx_word' id='word_1_283' title='bbox 2288 3627 2493 3699; x_wconf 83' lang='lat' dir='ltr'>ambi·</span> 
     </span>
     <span class='ocr_line' id='line_1_36' title="bbox 450 3726 2492 3894; baseline -0.006 -87"><span class='ocrx_word' id='word_1_284' title='bbox 450 3728 612 3808; x_wconf 85' lang='lat' dir='ltr'>tiosa</span> <span class='ocrx_word' id='word_1_285' title='bbox 627 3731 696 3805; x_wconf 87' lang='lat' dir='ltr'>in</span> <span class='ocrx_word' id='word_1_286' title='bbox 713 3753 833 3802; x_wconf 86' lang='lat' dir='ltr'>nos</span> <span class='ocrx_word' id='word_1_287' title='bbox 849 3729 1219 3832; x_wconf 83' lang='lat' dir='ltr'>Archoropi</span> <span class='ocrx_word' id='word_1_288' title='bbox 1234 3727 1574 3803; x_wconf 85' lang='lat' dir='ltr'>liberalitas</span> <span class='ocrx_word' id='word_1_289' title='bbox 1592 3775 1615 3813; x_wconf 88' lang='lat'><strong>,</strong></span> <span class='ocrx_word' id='word_1_290' title='bbox 1664 3734 1729 3803; x_wconf 90' lang='lat'>&amp;</span> <span class='ocrx_word' id='word_1_291' title='bbox 1753 3751 1933 3829; x_wconf 83' lang='lat' dir='ltr'>paene</span> <span class='ocrx_word' id='word_1_292' title='bbox 1951 3726 2097 3827; x_wconf 71' lang='lat' dir='ltr'>ipsis</span> <span class='ocrx_word' id='word_1_293' title='bbox 2116 3727 2492 3894; x_wconf 58' lang='lat' dir='ltr'>accipiessti-</span> 
     </span>
    </p>

    <p class='ocr_par' dir='ltr' id='par_1_6' title="bbox 1856 3845 2479 3894">
     <span class='ocr_line' id='line_1_37' title="bbox 1856 3845 2479 3894; baseline -0.002 0"><span class='ocrx_word' id='word_1_294' title='bbox 1856 3874 1860 3878; x_wconf 76' lang='lat'><strong>·</strong></span> <span class='ocrx_word' id='word_1_295' title='bbox 2403 3845 2479 3894; x_wconf 81' lang='lat' dir='ltr'>us</span> 
     </span>
    </p>
   </div>
  </div>
 </body>
</html>
