2738 4475
1034 158 1704 230 Pansl.
2158 186 2284 259 ¹41

284 288 357 363 de
389 285 678 361 manibus
713 282 1039 359 amittunt.
1090 279 1700 379 Saepekfornaculum
1737 279 1931 354 serius
1966 282 2046 355 ad
2080 284 2299 384 ignem

276 388 541 487 positum
565 445 585 472 ,
621 385 790 484 saepe
805 385 1003 458 vitrea
1021 379 1412 454 vasculorum
1430 377 1744 480 fragilitas
1762 382 1999 471 elatam
2013 386 2307 480 expe&-

270 490 522 560 tionem
538 486 739 557 eludit
765 542 782 568 ,
818 488 883 554 δε
904 480 951 553 si
974 505 1191 553 verum
1215 476 1399 551 fateri
1418 482 1620 552 audeo
1637 530 1659 562 ‚
1694 472 2011 580 plerisque
2042 479 2139 552 sui
2175 485 2308 553 cul-

267 586 520 657 toribus
552 583 689 656 haec
726 581 984 655 scientia
1019 580 1179 653 nihil
1219 580 1563 676 relinquit,
1617 603 1844 677 praeter
1874 579 2310 654 inaniffimam

272 683 454 781 spem
470 682 848 756 emendandi
866 679 1043 781 quod
1062 678 1380 777 prioribus
1395 680 1847 776 experimentis
1868 682 2301 778 peccaverint.

276 781 539 857 Defidit
569 783 823 855 interim
871 801 1459 881 quantumcumque
1491 774 1835 874 profundus
1874 780 2306 876 patrimonio-

281 908 417 955 rum
436 884 637 953 alveus
654 930 678 964 ‚
700 879 994 978 nudaque
1011 875 1121 976 spe
1138 900 1209 946 ac
1228 874 1423 946 sterili
1447 873 1544 945 his
1561 875 1815 975 ignibus
1837 880 2137 976 carpitur,
2156 879 2305 951 uni-

277 1007 344 1053 ca
403 980 622 1053 curiosi
653 980 861 1052 animi
896 979 1222 1073 voluptate
1256 990 1360 1045 tot
1394 972 1722 1073 dispendia
1759 1021 1782 1055 ‚
1836 996 1935 1047 tot
1970 978 2299 1052 maledicae

267 1078 468 1179 plebis
502 1077 936 1152 contumelias
968 1072 1351 1174 repensante.
1434 1073 1559 1148 Sed
1596 1074 1912 1174 generosis
1945 1077 2298 1176 mentibus,

265 1189 329 1254 δε
350 1177 520 1251 nihil
547 1204 682 1276 proe
701 1175 978 1250 mirabili
1005 1195 1135 1245 arte
1155 1170 1608 1244 aestimantibus
1624 1230 1646 1261 ,
1679 1173 1773 1247 est
1788 1176 1988 1248 etiam
2004 1177 2299 1275 quaedam

259 1280 661 1377 paupertatis
681 1279 748 1347 in
766 1275 891 1347 hoc
911 1273 1118 1346 studio
1136 1269 1404 1343 suavitas
1423 1317 1445 1351 ‚
1479 1296 1560 1343 ne
1590 1276 1787 1371 gratis
1805 1277 1873 1346 in
1895 1276 2162 1349 Naturae
2198 1276 2298 1353 se-.

257 1400 441 1449 creta
460 1374 879 1473 pervaserint.
928 1376 1082 1446 Nec
1107 1374 1272 1445 ullus
1305 1368 1398 1441 est
1427 1372 1492 1440 in
1524 1370 1874 1470 egestatem
1898 1396 2032 1446 tam
2050 1379 2301 1475 magni-

257 1473 468 1548 fleam
486 1474 668 1543 αξξυς
692 1523 716 1558 ,
733 1473 835 1541 cui
853 1473 991 1569 plus
1012 1468 1249 1567 aliquid
1271 1466 1513 1551 doleat,
1531 1493 1720 1566 quam
1738 1470 1909 1569 quod
1926 1469 2302 1549 cessantibus

261 1573 519 1669 opibus
542 1625 567 1653 ,
604 1573 622 1607 ¹
645 1568 813 1640 sacer
829 1569 997 1666 ignis
1016 1613 1039 1649 ‚
1072 1574 1139 1639 δι
1164 1565 1446 1666 Phrygio
1460 1569 1889 1668 Romanoque
1905 1570 2184 1645 divinior
2197 1597 2306 1647 ca-

265 1671 401 1743 dit.
459 1670 747 1765 Populus
783 1689 994 1737 autem
1015 1714 1036 1750 ,
1075 1671 1141 1736 &
1177 1667 1287 1764 qui
1300 1664 1625 1738 obstinato
1642 1667 1900 1764 ρεᾶοτε
1919 1668 2170 1743 fineerae
2193 1700 2311 1745 vo-

262 1768 555 1869 luptatis
586 1765 837 1866 gustum
868 1789 1002 1835 non
1038 1759 1350 1862 sentiunt,
1388 1787 1764 1837 execrantur
1793 1764 1959 1839 hanc
1996 1766 2313 1846 bonorum

259 1866 697 1966 voraginem,
752 1872 822 1939 δε
861 1861 1308 1936 modestiffimi
1344 1863 1607 1958 quidem
1640 1859 1796 1949 risu,
1857 1869 2310 1965 petulantiores

263 1966 638 2042 malediffis
671 1963 1095 2048 infestantur,
1134 1958 1502 2036 severiffimi
1539 1964 1781 2061 poenis.
1833 1964 2001 2038 Inde
2018 1993 2310 2043 moneta·

275 2089 415 2138 rum
434 2064 939 2136 adulterationes
965 2063 1148 2148 ‚inde
1168 2058 1410 2135 fraudes
1431 2064 1852 2136 &latrocinia
1874 2067 2001 2138 effe
2020 2068 2305 2143 claman-

265 2186 409 2247 tes,
445 2173 512 2239 &
536 2187 801 2263 quaecun
851 2184 930 2232 ue
961 2159 1261 2234 exhausta
1292 2163 1672 2262 patrimonia
1706 2188 1817 2264 per
1843 2167 2140 2263 injuriam
2172 2172 2302 2243 im·-

313 2265 476 2335 lent.
529 2189 1031 2338 Necilluslrium
1052 2261 1386 2333 hominum
1405 2258 1743 2361 splendor,
1774 2291 1894 2338 nec
1917 2271 2155 2364 Aquila
2183 2297 2306 2342 no-

264 2291 541 2436 Krarum
577 2365 704 2456 jam
740 2364 1012 2458 partium
1035 2358 1197 2432 fasta
1215 2419 1237 2446 ,
1283 2363 1701 2459 amplitudine
1718 2362 1820 2434 sua
1838 2365 2176 2438 humilium
2198 2371 2306 2439 vi-

265 2465 526 2532 tiorum
546 2508 570 2543 ‚
607 2469 672 2529 &
691 2485 828 2555 quae
847 2457 1121 2559 angustis
1139 2482 1388 2532 tantum
1410 2462 1743 2558 capiuntur
1764 2464 2127 2559 pestoribus
2153 2507 2179 2549 ‚
2208 2468 2311 2536 in·

268 2555 618 2632 famiam}
649 2556 831 2628 nobis
861 2556 1153 2658 detergit.
1212 2566 1557 2658 Quotquot
1589 2561 1657 2630 in
1690 2559 1756 2631 id
1792 2559 2066 2632 studium
2099 2563 2313 2634 tendi-

271 2682 419 2732 mus
437 2703 470 2739 ,
493 2654 535 2725 fi
558 2679 634 2726 ex
651 2655 1058 2755 optimatibus
1077 2704 1101 2738 ,
1139 2654 1331 2752 fatui3
1365 2658 1409 2729 si
1429 2683 1507 2730 ex
1527 2658 1918 2730 tenuioribus
1939 2706 1962 2740 ‚
1998 2660 2315 2761 imposto-

268 2782 378 2831 res
418 2755 740 2829 audimus.
803 2754 1203 2856 Iniquiffima
1237 2781 1459 2830 tamen
1491 2759 1741 2857 aedepol
1778 2761 2151 2835 conditione
2178 2809 2202 2844 ,
2234 2768 2308 2835 ec

268 2882 413 2958 quae
458 2850 648 2927 facile
684 2856 990 2954 populum
1025 2854 1319 2948 judicasse
1352 2856 1839 2933 commonstret.
1913 2864 2182 2934 Etenim
2221 2887 2307 2933 ne

268 2980 379 3030 me
418 2957 553 3049 jam
583 2954 855 3026 aliorum
887 2975 1114 3026 oneret
1141 2951 1455 3038 defensio,
1491 2959 1553 3029 id
1573 2962 1732 3029 caelo
1751 2958 1914 3030 teste
1931 2985 2000 3030 ac
2017 2961 2314 3031 interrita

270 3052 496 3125 fronte
525 3053 844 3149 praedieo,
884 3077 989 3125 me
1009 3054 1046 3123 ὲ
1069 3078 1266 3152 puero
1286 3054 1625 3128 incubuiffe
1642 3058 1709 3126 in
1724 3056 1898 3128 hanc
1917 3076 2118 3128 artem
2138 3104 2161 3137 ,
2200 3082 2312 3129 me

329 3150 587 3250 uicquid
612 3151 707 3224 est
728 3150 950 3224 secreti
983 3174 1175 3252 atque
1206 3152 1404 3227 abditi
1433 3149 1760 3228 indefeffis
1793 3152 2107 3226 laboribus
2139 3180 2317 3255 quae-
2420 3173 2421 3176 ’

275 3178 491 3344 Eiffe3
508 3272 714 3324 meam
730 3273 952 3325 tamen
970 3248 1168 3325 fidem
1189 3275 1296 3325 aut
1313 3254 1761 3354 integritatem
1780 3251 1957 3344 nullo
1975 3277 2315 3356 propterea

2186 3358 2329 3428 effe

356 3533 382 3568 1
417 3515 665 3589 saraipta
681 3552 699 3576 ‚
728 3528 792 3576 σ-
809 3518 992 3589 Phrygio
1008 3525 1273 3588 namqu
1329 3522 1381 3572 δι
1410 3517 1582 3573 deinde
1608 3515 1635 3567 ³
1656 3520 1883 3572 Romanis
1907 3533 2042 3573 tanta
2066 3538 2175 3573 mm
2202 3524 2313 3574 reli-

275 3584 516 3650 ὅσων.)
555 3590 717 3656 Ignem
734 3590 962 3657 intelligit
974 3617 995 3648 ,
1024 3592 1156 3653 cujus
1183 3605 1274 3655 ope
1326 3591 1472 3658 gione
1495 3585 1777 3639 custoditum
1794 3621 1809 3643 .
1836 3589 1926 3640 &a
1943 3589 2194 3640 vestalibus
2214 3598 2314 3643 Ro·

275 3653 507 3706 eonflatur
518 3669 713 3717 aurum3
739 3673 884 3727 quem
910 3656 1104 3725 quidem
1117 3657 1276 3724 ignem
1329 3669 1684 3712 maturatum
1702 3651 2006 3711 sollicitudine
2019 3655 2269 3712 servatum.
2325 3701 2335 3716 ,

270 3724 464 3788 mollit
493 3718 625 3798 supra
640 3720 826 3780 sacrum
842 3726 1002 3797 ignem
1015 3722 1277 3792 &Trojau'rr

2109 3804 2131 3839 1
2172 3796 2325 3838 omnes
