2738 4475
460 272 609 322 222
960 246 2015 333 Eu‘PHoRM.SA·rY1uci

369 424 372 427 1
455 364 1006 467 scunt,quantum
1029 367 1207 439 vitiis
1229 369 1628 468 permittant.
1690 373 1956 440 Horreo
1971 367 2208 466 eloqui.
2231 361 2333 439 sed
2361 373 2517 443 Anss

456 468 733 551 tistitum
780 466 1060 566 dignitas
1087 469 1220 561 jam
1251 471 1425 539 velut
1457 469 1536 540 ad
1576 468 1886 567 quaestum
1909 468 2240 567 prostituta
2256 464 2391 549 est,
2428 476 2506 542 δε

451 562 790 667 saepiffime
823 567 1168 637 criminum
1206 592 1475 640 merces.
1509 570 1703 656 *Qis
1738 594 1819 640 ex
1854 567 2317 665 potentioribus
2336 569 2506 642 libe·

453 692 668 738 rorum
689 688 881 737 cunas
898 690 1031 735 non
1049 664 1264 737 infulis
1288 668 1561 767 premit:
1606 690 1712 738 aut
1738 672 1915 768 'quis
1935 667 2192 739 liberius
2214 668 2501 767 praeconi

446 763 875 837 hereditatem
915 761 1026 835 sub
1065 764 1280 848 hasta,
1333 793 1525 866 quam
1572 758 1994 839 sacerdotium
2033 769 2501 839 commendat?

436 867 584 959 Jam
623 864 805 936 urbes
838 862 1172 937 obsidione
1208 890 1579 948 maceratae,
1616 869 1716 938 vel
1755 869 1926 938 ultro
1949 868 2218 966 proditae
2242 869 2497 939 Princi-

435 960 623 1078 pibus
647 989 820 1037 arces
841 1013 863 1050 ‚
883 964 1037 1037 illud
1054 966 1388 1065 praemium
1403 966 1681 1050 inhiant,
1702 972 1768 1039 &
1788 968 2086 1067 potentia
2102 967 2272 1037 inter
2285 963 2505 1039 scien-

443 1085 565 1134 tias
587 1085 974 1138 numeratur.

533 1167 690 1237 Nec
724 1158 996 1235 sanetius
1035 1160 1453 1263 dignitatibus
1497 1159 1826 1252 fruuntur,
1868 1190 2052 1265 quam
2067 1164 2200 1232 illas
2220 1161 2487 1261 quaesie-

430 1284 597 1334 runt.
673 1263 891 1333 Nullis
925 1263 1263 1336 delicatior
1297 1270 1564 1352 Venus,
1608 1289 1723 1336 ‘aut
1756 1266 1960 1364 magis
2001 1262 2080 1334 ad
2117 1259 2486 1359 scrupulum

430 1362 794 1435 examinata
826 1362 1055 1436 libido.
1106 1361 1456 1437 Fastidiosa
1493 1386 1704 1438 autem
1742 1363 2023 1464 superbia
2046 1409 2067 1443 ‚
2105 1362 2484 1438 &inanium

432 1462 750 1559 cupiditas
772 1487 978 1535 rerum
1000 1522 1022 1550 ‚
1045 1465 1171 1557 jam
1192 1464 1441 1562 pridem
1461 1488 1542 1537 ex
1560 1491 1625 1539 re
1674 1465 1756 1541 iis
1778 1464 1856 1537 ad
1872 1462 1984 1536 has
2004 1463 2321 1565 imagines
2342 1464 2487 1560 pie-

429 1563 581 1635 tatis
597 1561 885 1636 exceffit.
942 1563 1129 1656 Qid
1149 1562 1319 1635 aliud
1337 1589 1528 1665 quam
1551 1493 1946 1665 dilgponimus
1966 1588 2122 1663 opes
2144 1610 2165 1644 ‚
2194 1570 2260 1636 δι
2284 1564 2486 1634 avaris

426 1663 934 1761 cogitationibus
974 1666 1050 1738 ad
1072 1663 1249 1764 spem
1267 1664 1647 1764 prodigendi
1668 1660 2037 1739 servamus?
2093 1665 2259 1756 Qis
2279 1659 2486 1733 sacro·

428 1782 568 1835 rum
594 1764 657 1834 in
679 1764 843 1864 agris
861 1765 1208 1857 jacentium
1229 1766 1457 1837 amor?
1488 1771 1707 1852 Qem
1726 1769 1996 1836 ovilium
2019 1768 2216 1834 tutela
2236 1759 2491 1863 fatigat?

434 1864 620 1953 Qid
658 1867 753 1937 illi
788 1867 897 1961 qui
934 1891 1052 1961 pro
1074 1862 1219 1934 feris
1239 1863 1886 1941 terrentibuscaulas,
1939 1861 2359 1930 timiditatem
2383 1861 2492 1931 da·

430 1987 680 2032 marum
724 1958 1157 2059 indignissima
1191 1960 1519 2051 voluptate
1553 1954 1878 2049 fatigant?
1933 1954 2112 2042 Quid
2156 1958 2312 2023 aleae
2337 1964 2486 2027 Ve-

427 2060 720 2154 nerisque
755 2058 1054 2154 patroni?
1096 2074 1204 2124 aut
1227 2056 1378 2151 quid
1398 2057 1509 2123 ille
1528 2098 1551 2130 ,
1587 2054 1697 2150 qui
1720 2076 1802 2122 ne
1827 2052 2011 2122 unica
2034 2074 2219 2120 cruce
2238 2051 2476 2147 dignus

424 2155 783 2239 videretur,
826 2148 1446 2223 trifurciferevafit?
1497 2154 1736 2250 Neque
1772 2176 1880 2222 me
1919 2150 1996 2220 ad
2039 2146 2474 2250 haecinsignia

419 2252 693 2347 impium
731 2272 953 2349 putes,
988 2247 1094 2324 sed
1134 2252 1243 2321 illa
1279 2251 1475 2323 credo
1502 2254 1572 2324 in
1593 2250 2126 2350 suppliciinotam
2146 2245 2479 2322 facinoro-

420 2349 499 2424 fis
534 2349 688 2421 dari.
750 2346 918 2423 Mihi
939 2351 1166 2430 crede,
1209 2350 1352 2448 post
1367 2349 1553 2445 hujus
1575 2355 1776 2423 aetatis
1797 2351 2049 2428 scenam
2073 2348 2200 2422 hoc
2232 2351 2254 2379 ²
2276 2351 2477 2447 pluri-

423 2448 545 2520 bus
580 2446 780 2523 infula
811 2452 969 2533 erit,
1011 2449 1187 2549 quod
1229 2450 1695 2524 Mithridaticae
1729 2454 1916 2523 uxori
1932 2449 2264 2532 diadema,
2302 2449 2476 2550 quod

427 2551 779 2623 cervicibus
800 2548 1130 2623 infelicem
1151 2549 1393 2623 nodum
1412 2552 1680 2650 aptavit.

311 2682 400 2759 19
526 2654 680 2750 Ego
700 2648 1094 2724 sermonibus
1116 2648 1561 2749 Theophrasti
1580 2648 1851 2723 mirifice
1869 2646 2256 2722 delectabar.
2288 2651 2472 2723 Nam
2501 2704 2513 2712 .

427 2756 495 2823 δι
518 2749 782 2846 syncero
802 2753 1026 2830 animo,
1040 2750 1404 2835 veniebant,
1426 2760 1492 2824 &
1514 2751 1914 2826 effluentibus
1934 2750 2271 2846 lachrymis
2293 2773 2480 2821 com·

425 2848 884 2947 probabantur.
933 2857 1162 2948 Itaque
1197 2851 1266 2919 in
1295 2853 1578 2922 'eandem
1616 2852 1925 2949 pietatem
1963 2852 2271 2921 excitatus
2306 2845 2472 2931 sum,

427 2954 497 3020 &
534 2951 696 3021 olim
731 2968 1114 3046 conceptam
1159 2948 1241 3021 de
1274 2949 1888 3023 Poimenarchorum
1911 2945 2187 3019 moribus
2211 2948 2366 3016 iram
2387 2950 2475 3017 li-

425 3046 699 3121 berrima
720 3051 1010 3121 oratione
1029 3046 1249 3120 effudi.
1307 3053 1612 3147 Cumque
1631 3049 1907 3120 multain
1928 3058 2069 3116 ea‘m
2091 3044 2477 3119 sententiam

303 3227 322 3241 ,
428 3147 984 3224 vehementiffime
1001 3148 1292 3220 dixissem
1314 3195 1337 3232 ,
1376 3154 1701 3224 Caeterum
1725 3195 1751 3233 ‚
1769 3148 2025 3247 inquam
2043 3193 2068 3232 ,
2089 3153 2153 3218 δι
2179 3143 2306 3215 hoc
2329 3170 2474 3216 ma·

2253 3245 2474 3316 ximo-

502 3430 528 3464 r
568 3414 690 3488 ,ζειαὶ
714 3418 994 3501 Μαρια
1006 3418 1092 3485 sub
1117 3415 1423 3486 basta-liberine
1555 3431 1585 3498 ².
1620 3414 1819 3496 Plu-ibas
1844 3416 1986 3478 basula
2009 3415 2095 3466 m't
2106 3445 2129 3475 ,
2155 3411 2268 3482 qud
2281 3412 2473 3464 Mithri-

428 3486 1420 3623 maximianam&
1481 3482 2473 3619 afflssizssi'ss‘afflssmzffassssffiz

429 3618 508 3671 Est
532 3635 689 3672 autem
718 3627 1033 3677 Hereditatem
1046 3623 1127 3676 sub
1139 3621 1260 3674 hasta
1275 3638 1421 3691 pone·
1482 3636 1582 3673 tem
1597 3621 1888 3672 Mithridatis
1915 3621 2177 3671 diademate
2206 3618 2335 3672 usam
2364 3633 2471 3669 tan·

428 3703 514 3745 re»
540 3688 664 3740 idem
693 3692 1065 3745 acbonalicitati
1083 3690 1155 3743 seu
1167 3690 1416 3760 publicare,
1478 3705 1620 3757 quam
1647 3690 1815 3757 laqueo
1842 3705 1936 3755 quo
1962 3687 2045 3740 fibi
2072 3688 2224 3741 fauces
2252 3688 2466 3744 elideret.

426 3752 459 3809 δ
472 3772 606 3808 more
621 3758 731 3809 belli
745 3759 942 3814 deducta
959 3761 1225 3829 metaphora
1242 3774 1259 3815 ς
1287 3758 1416 3812 bona
1477 3774 1539 3813 ne
1551 3760 1603 3814 in
1619 3775 1792 3815 manns
1807 3757 1993 3814 hostile·
2005 3758 2245 3820 incideret·

425 3827 558 3886 mim
572 3825 699 3881 beno
713 3841 842 3897 parta
854 3825 936 3884 sub
951 3831 1073 3888 basta
1086 3828 1327 3888 venibant.
2301 3890 2313 3903 ι

2204 3906 2231 3946 1
2267 3894 2464 3947 buten
