2738 4475
821 276 1570 349 Pansvl.
2113 270 2248 365 671

222 399 383 477 origo
400 395 466 455 fit
482 438 497 463 ‚
510 414 641 455 eum
660 395 720 454 in
734 410 912 452 unum
932 392 1099 450 ambo
1112 395 1305 450 coe'ant
1325 414 1338 449 ε
1365 406 1460 451 aut
1471 395 1625 452 enim
1645 390 1861 449 amiss‘as
1873 388 1977 447 effe
1987 406 2260 467 aquarum

225 478 444 535 diluviis
461 518 476 543 ,
509 476 596 532 vel
628 490 785 532 terrae
817 471 1063 529 motibus
1092 471 1332 548 origines
1350 511 1366 535 ‚
1394 485 1487 529 aut
1505 472 1683 530 alveos
1697 469 1991 527 immutari
2005 469 2261 544 potuisse,

227 557 520 614 adduceret
535 568 599 612 ut
613 553 892 611 crederem
916 591 931 614 ‚
947 551 1047 609 nifi
1064 567 1193 607 cum
1219 549 1554 608 Henochum
1573 590 1591 615 ,
1608 555 1662 610 δε
1682 548 1902 606 Heliam
1921 547 1982 603 in
1993 546 2145 605 hunc
2162 567 2263 606 vo-

222 632 451 711 luptatis
464 633 651 690 locum
668 647 846 708 raptos
863 627 1021 687 fuisse
1038 667 1056 694 ,
1067 628 1315 685 constans
1328 627 1478 686 fama
1495 628 1644 693 sm&
1659 625 1984 684 eommunis
1996 626 2260 684 omnium

182 695 201 713 ⁰
223 711 550 779 consensus3
578 713 696 788 Ego
727 707 1053 768 mortalium
1084 707 1262 765 oculis
1292 706 1601 765 Paradisum
1633 707 1785 763 hunc
1800 703 2126 762 deliciarum
2144 700 2267 761 sub-

225 791 486 847 strastum
500 789 603 847 effe
619 829 637 854 ,
669 787 840 846 veluti
862 784 1063 844 multas
1080 800 1243 844 terras
1257 825 1275 850 ,
1295 788 1351 843 &
1372 782 1571 843 insulas
1586 784 1745 843 nobis
1760 783 2070 861 incognitas
2085 783 2269 859 potius

228 869 571 926 aestimarem.
625 869 889 925 Attamen
923 865 1018 922 iste
1043 865 1199 922 locus
1229 866 1398 922 etiam
1433 866 1647 939 Tempe
1673 862 1948 938 acceptior
1962 898 1980 921 ‚
2014 860 2110 918 etsi
2126 880 2266 919 meae

227 947 559 1022 conjecturae
591 959 707 1002 tam
739 945 806 1001 fit
835 945 1169 1019 impervius.
1203 961 1375 1021 quam
1394 942 1706 1018 parentibus
1732 943 1929 1019 primis
1943 942 2061 1017 post
2074 958 2276 1016 pecca-

229 1037 353 1082 tum
374 1065 392 1090 ,
426 1044 599 1082 unum
634 1039 822 1081 tamen
853 1022 929 1079 est
1000 1022 1111 1079 uod
1134 1021 1408 1093 affirmem
1426 1061 1443 1087 ,
1484 1023 1735 1100 primum
1754 1018 2274 1078 scilicet'hominem

228 1122 299 1161 ex
316 1122 450 1181 agro
466 1101 804 1160 Damasceno
820 1141 838 1168 ,
858 1102 956 1179 qui
1025 1101 1429 1176 Mesopotamia
1444 1120 1560 1158 non
1576 1100 1743 1178 longe
1762 1098 1923 1162 abest,
1938 1098 1999 1155 in
2014 1097 2155 1156 istud
2170 1115 2270 1153 vo-

227 1181 452 1258 luptatis
466 1181 818 1240 domicilium
839 1220 857 1245 ,
886 1179 1041 1250 fuiss'e
1056 1180 1378 1238 transsatum
1395 1198 1414 1243 ς
1439 1179 1641 1237 deinde
1654 1197 1783 1236 cum
1799 1189 2026 1255 peccato
2042 1174 2275 1235 consen-

225 1259 382 1320 fiss‘et.
400 1263 459 1319 in
474 1260 694 1338 plagam
714 1259 884 1319 Edem
900 1257 1109 1316 factum
1127 1257 1369 1317 exulem.
1412 1258 1627 1336 Ecquid
1647 1259 1878 1318 mirum,
1895 1253 1935 1311 fi
1948 1273 2018 1312 ex
2035 1254 2136 1313 illo
2152 1256 2270 1313 im-

295 1341 443 1397 rvius
459 1339 786 1397 mortalibus
806 1378 825 1404 ,
856 1350 1053 1415 praeter
1065 1355 1239 1417 quam
1260 1336 1536 1395 Henocho
1551 1377 1569 1404 ,
1599 1340 1655 1396 δι
1673 1335 1845 1395 Heliae
1858 1335 1957 1394 iste
1971 1333 2273 1414 voluptatis

221 1357 382 1477 fdcus
397 1417 532 1477 fuit:
573 1419 779 1498 quippe
1053 1437 1060 1445 ·

383 1495 650 1571 obser-vae
668 1496 846 1572 gladio
873 1492 1128 1569 Seraphin
1153 1491 1371 1570 ungusta
1395 1495 1635 1560 viarum,

386 1568 617 1651 'Oppcfin'
632 1573 748 1650 fiae
762 1571 904 1650 ferri
932 1578 1063 1628 acies
1094 1588 1331 1630 mucrone
1361 1571 1579 1648 corufia»
1619 1591 1626 1598 ·

386 1655 585 1710 StriHa
599 1689 616 1711 .
650 1663 851 1727 parata
880 1652 989 1708 neci
998 1669 1017 1703 .·
1059 1650 1250 1727 campis
1272 1648 1532 1728 foelicibm
1560 1665 1738 1711 arcent

392 1735 680 1788 Portarum
711 1729 890 1805 vigiles
910 1768 927 1794 ,
968 1725 1039 1796 ό·
1068 1748 1193 1787 coeco
1224 1735 1413 1787 Marte
1438 1729 1689 1807 resfiunt.

233 1807 666 1886 Succurritillud
687 1807 929 1866 Platonis
946 1807 1005 1864 in
1022 1806 1299 1865 Phaedone
1313 1844 1332 1868 ‚
1346 1809 1635 1886 regionem
1654 1809 1876 1885 reperiri
1894 1807 2034 1867 adeo
2075 1803 2268 1867 'romi-

229 1902 458 1945 nentem
473 1923 491 1949 ‚
525 1902 589 1946 ut
604 1886 879 1947 &imbres
895 1884 1124 1951 nesciat,
1157 1889 1212 1946 δε
1244 1899 1540 1946 ventorum
1575 1888 1734 1946 flatus
1765 1887 2006 1946 minime
2036 1824 2232 1945 sentiat
2247 1913 2270 1958 ς

230 1965 328 2024 ubi
346 1969 401 2024 δι
415 1964 636 2024 summa
650 1965 716 2022 fit
731 1964 859 2024 coeli
877 1965 1172 2040 temperies
1190 2002 1209 2025 .
1238 1967 1292 2022 &
1310 1962 1538 2046 frugum
1557 1965 1774 2025 ubertas
1789 1967 2035 2024 maxima
2050 2004 2068 2031 ,
2080 1964 2172 2023 sed
2186 1966 2276 2024 in·

226 2044 480 2102 colatum
497 2063 724 2121 corpora
743 2084 761 2109 ,
793 2064 863 2102 ex
892 2045 1013 2102 aere
1043 2061 1244 2123 magna
1272 2062 1342 2101 ex
1368 2058 1528 2122 parte
1542 2045 1867 2122 commotu
1896 2057 2051 2101 terrae
2064 2060 2197 2101 vero
2214 2050 2276 2106 &z

227 2141 385 2200 aquae
400 2125 493 2180 vix
511 2123 819 2202 quidquam
835 2125 912 2180 eis
930 2123 1112 2181 ineffe.
1172 2123 1374 2200 Neque
1403 2126 1620 2184 mirum
1652 2126 1695 2184 st
1714 2122 1878 2182 Peliae
1892 2140 2052 2181 more
2066 2123 2276 2184 recoeti

226 2216 491 2280 perpetuo
498 2203 810 2279 juventutis
828 2201 969 2261 flore
980 2200 1278 2281 gaudeant.

313 2280 484 2358 Qod
501 2281 565 2339 ad
584 2283 913 2340 flammeum
932 2282 1121 2348 istum,
1138 2280 1526 2342 &versatilem
1541 2281 1797 2361 gladium
1815 2321 1833 2348 ‚
1849 2281 1950 2360 qui
1962 2280 2030 2339 ab
2044 2280 2274 2347 aceess‘u,

226 2362 289 2419 ὃ(
305 2358 334 2417 a
351 2358 503 2437 ligno
518 2362 643 2419 vitae
658 2362 717 2417 in
738 2359 924 2417 medio
939 2360 1258 2438 assurgentis
1272 2374 1482 2423 arceat,
1516 2361 1706 2419 astruit
1735 2360 2002 2435 interpres
2027 2360 2277 2420 Platonis

226 2436 454 2514 plagam
472 2437 613 2494 hanc
629 2436 879 2495 foelicem
900 2436 997 2493 sub
1011 2439 1384 2512 aequinoffiali
1399 2437 1612 2496 circulo
1626 2438 1782 2496 fitam
1799 2438 1932 2502 effe,
1966 2438 1999 2495 a
2030 2456 2147 2514 quo
2178 2437 2277 2496 de·

228 2514 425 2573 cuss'ari
439 2514 650 2573 coelum
668 2532 729 2570 ac
749 2511 921 2570 dividi
937 2537 950 2572 ε
968 2513 1204 2590 proinde
1220 2513 1471 2573 flammei
1485 2514 1657 2591 gladii
1675 2515 1906 2571 nomine
1922 2513 2142 2573 zonam
2158 2530 2279 2573 tor·

228 2593 413 2651 ridam
442 2592 593 2669 poss‘e
618 2590 859 2669 intelligi
878 2630 895 2656 ‚
926 2610 1053 2670 quae
1076 2603 1299 2666 propter
1328 2590 1469 2649 Solis
1498 2589 1880 2649 conversiones
1908 2592 1975 2649 fit
2000 2591 2279 2650 versatilis.

232 2673 552 2746 Narratque
572 2669 830 2726 Arrianus
848 2708 865 2734 ,
894 2669 1073 2727 dietus
1101 2678 1365 2743 φιλαληθιὶς
1383 2707 1401 2735 ‚
1442 2686 1576 2727 cum
1597 2672 1798 2727 Hanno
1813 2662 2280 2760 Carthaginienfis

226 2746 419 2805 ‘versus
437 2746 740 2805 Australem
760 2746 983 2825 plagam
1000 2750 1285 2827 navigium
1303 2748 1686 2810 convertiffet,
1716 2747 1955 2826 plurima
1971 2746 2024 2806 ie
2038 2750 2282 2827 impedi·

238 2839 431 2885 menta
445 2826 668 2883 obviam
684 2825 940 2901 objecisse
956 2853 975 2897 ⁵
1019 2832 1076 2889 δι
1093 2841 1286 2904 praeter
1302 2828 1440 2886 Solis
1451 2827 1694 2893 ardores,
1726 2829 1826 2906 qui
1856 2826 1916 2885 in
1930 2826 2033 2886 hac
2060 2829 2279 2905 perusta

235 2906 401 2964 Zona
416 2905 767 2963 vehementes
782 2903 909 2963 sunt
924 2946 940 2970 ‚
973 2906 1186 2964 auditos
1201 2906 1267 2964 ab
1295 2906 1393 2964 illo
1421 2906 1640 2965 crebros
1655 2906 1723 2965 de
1739 2904 1889 2964 coelo
1911 2907 2153 2986 fragores
2171 2947 2188 2972 .
2215 2910 2274 2967 δε

232 2985 502 3043 micantia
515 2982 739 3062 fulgura
753 2984 1118 3062 perstrinxisse
1130 2985 1632 3052 oculos,flammaru
1640 3004 1809 3063 mque
1821 2985 2274 3046 rivosdefluxiss‘e:

232 3067 521 3123 Caeterum'
545 3066 917 3122 amoeniorem
938 3104 953 3129 ,
987 3066 1044 3122 δε
1076 3064 1256 3122 multo
1285 3084 1455 3143 quam
1476 3064 1705 3144 usquam
1725 3078 1995 3123 terrarum
2013 3083 2278 3122 commo-

235 3145 452 3203 diorem
470 3142 568 3201 sub
583 3141 690 3205 hoc
704 3142 1098 3220 AEquinoetiali
1115 3143 1340 3220 regione
1351 3144 1580 3202 existere
1602 3142 1812 3219 Moysis
1841 3146 1897 3201 δι
1927 3143 2165 3201 Platonis
2193 3143 2282 3200 in·

232 3236 439 3297 terpres
467 3223 746 3279 Avicenna
762 3221 952 3280 docet:
997 3222 1149 3299 quod
1168 3222 1578 3280 Eratosthenem
1599 3241 1827 3302 quoque
1845 3261 1860 3286 ,
1893 3225 1947 3280 ὃ(
1971 3220 2274 3297 Polybium

236 3298 447 3361 senstss'e
479 3302 670 3358 Strabo
698 3300 950 3361 credidit.
1008 3302 1182 3359 Porro
1215 3299 1376 3359 sacrae
1405 3299 1604 3359 scholae
1635 3303 1890 3378 princeps
1923 3298 2187 3376 quosdam
2218 3301 2276 3358 δε

240 3380 605 3438 monimentis
623 3378 729 3437 suis
740 3379 1014 3457 reliquiss'e
1029 3420 1047 3446 ,
1080 3384 1137 3439 Bc
1168 3377 1395 3456 posteris
1409 3379 1679 3437 tradidiss'e
1691 3379 1881 3438 auCtor
1912 3380 1989 3437 est
2005 3420 2022 3446 ,
2053 3379 2277 3438 Paradi-

239 3455 366 3516 sum
386 3456 534 3514 hunc
555 3454 905 3516 sublunarem
923 3461 982 3517 in
998 3462 1231 3518 Oriente
1242 3457 1407 3515 {itum
1422 3456 1545 3523 ess‘e,
1563 3462 1618 3517 δι
1634 3457 1785 3516 hunc
1802 3460 2123 3518 amoenitate
2138 3476 2276 3536 prae·

237 3535 2280 3691 {zffi'zfflt{35‘8353‘2‘233223153³13⁰Rk2⁰5n33223¹32³oe¹¹232222:¹31:

240 3709 322 3751 tes
340 3694 644 3753 l’ariardios
662 3693 970 3769 paradisum
986 3694 1303 3753 deliciarum
1322 3694 1350 3753 a
1372 3695 1490 3751 Deo
1507 3693 1664 3752 fuiss‘e
1679 3696 1916 3770 pofitum
1935 3716 1947 3752 τ
1988 3695 2076 3754 sed
2093 3697 2159 3754 de
2176 3697 2279 3753 hac

236 3773 613 3831 dissertatione
631 3772 891 3830 basternis
906 3791 1074 3850 quam
1098 3773 1261 3831 multi
1279 3772 1559 3848 disputant
1573 3813 1589 3838 ,
1625 3776 1680 3831 δι
1699 3774 1877 3832 adhuc
1897 3772 2190 3852 subjudice
2210 3772 2275 3829 lis

231 3854 329 3912 est.
366 3851 477 3911 Etfi
493 3850 630 3909 nihil
647 3851 907 3911 incertius
922 3849 1024 3910 situ
1045 3891 1063 3918 ,
1078 3870 1297 3913 certum
1312 3866 1499 3911 tamen
1515 3854 1588 3912 est
1607 3870 1792 3913 rerum
1811 3853 2073 3933 opificem
2093 3855 2276 3983 Deus?

2200 3946 2216 3983 ι
2261 3949 2275 3986 ι
