2738 4475
430 232 584 312 206
940 220 1461 298 Euruonu.
1504 207 2004 295 >surum

429 343 768 419 servandos
789 389 812 425 ‚
835 366 967 413 non
987 344 1258 440 amplius
1276 342 1608 415 cunctatus
1632 397 1652 427 ,
1670 340 1813 441 quis
1832 342 1990 414 effer
2004 389 2026 425 ‚
2047 349 2117 416 δε
2133 341 2475 443 quomodo

433 450 502 520 in
524 449 799 517 latrones
819 440 1163 530 incidisset,
1180 467 1313 514 non
1335 439 1479 513 satis
1495 438 1897 513 credentibus
1913 445 2209 540 exponit.
2244 444 2473 540 Quip-

431 572 517 645 pe
542 545 900 616 Anemonis
918 566 1168 614 nomen*
1182 567 1310 616 non
1329 539 1656 612 mediocre
1682 560 1818 613 erat
1837 541 1904 613 in
1921 544 2032 613 illa
2049 544 2329 616 civitatis
2360 564 2470 613 re-

431 648 668 745 gione,
715 645 894 729 (nam
934 641 1003 712 in
1030 642 1255 714 eadem
1287 640 1645 734 habitabat)
1685 649 1754 718 &
1788 641 1857 711 in
1893 643 2006 714 illa
2025 641 2295 716 cohorte
2335 641 2467 712 duo
2558 676 2565 682 ·

432 742 808 818 mercenarii
838 761 1020 811 erant
1036 786 1059 821 ,
1095 744 1204 840 qui
1223 740 1462 813 diumis
1481 740 1810 836 stipendiis
1834 741 1950 843 ipli
1969 741 2238 815 domum
2257 737 2468 815 ardifi-

431 840 682 913 cabant.
739 840 945 939 Igitur
963 861 1094 911 tam
1113 840 1298 913 avide
1325 840 1397 911 in
1419 844 1833 934 Anemonem
1852 843 2070 916 vultus
2086 841 2464 924 obvertunt,

432 962 500 1010 ut
527 939 688 1037 proh
709 937 923 1011 nefas!
960 937 1111 1011 dum
1132 940 1399 1012 incautis
1414 937 1707 1011 manibus
1726 941 2073 1015 admovent
2096 938 2265 1014 faces
2292 990 2317 1027 ,
2357 940 2469 1014 de·

429 1041 621 1111 licata
635 1038 925 1117 barbula,
967 1046 1033 1112 &
1056 1062 1201 1112 cum
1221 1063 1298 1112 ea
1314 1060 1417 1111 tot
1433 1049 1991 1138 unguentorum&
2012 1042 2343 1138 pectinum
2375 1041 2473 1111 la-

429 1136 552 1211 bor
568 1136 801 1209 arserit.
859 1139 1256 1209 Exclamavit
1279 1146 1583 1210 Anemon
1601 1182 1624 1218 ‚
1647 1137 2083 1238 desperatione
2102 1143 2326 1237 plenus
2345 1183 2368 1219 ‚
2390 1145 2467 1211 δε

431 1237 546 1309 nifi
569 1263 676 1309 me
696 1234 923 1307 fefellit
944 1237 1142 1308 rabies
1161 1239 1493 1310 oculorum
1514 1284 1537 1319 ‚
1571 1236 1886 1312 dubitavit
1904 1286 1925 1322 ‚
1971 1264 2050 1310 an
2078 1241 2240 1310 tanti
2273 1238 2472 1311 dede-

434 1338 600 1409 coris
638 1334 825 1407 risum
859 1331 1055 1405 subita
1072 1337 1376 1411 evaderet
1408 1357 1636 1411 morte.
1692 1341 1846 1411 Nec
1868 1341 2077 1411 minus
2098 1340 2358 1410 attoniti
2377 1334 2475 1410 sa-

430 1438 673 1507 tellites
709 1436 1167 1509 contumeliam
1201 1445 1270 1511 &
1307 1437 1567 1511 verbera
1595 1458 1728 1509 tarn
1760 1436 1994 1512 rustice
2024 1434 2360 1521 excusant,
2398 1457 2471 1509 ut

432 1536 565 1627 jam
591 1538 882 1632 vapulare
902 1536 1084 1607 malit
1112 1541 1421 1612 Anemon
1442 1587 1468 1625 ‚
1489 1563 1681 1640 quam
1701 1534 1766 1611 se
1786 1537 2189 1613 verberatum
2209 1557 2341 1610 tam
2360 1562 2479 1637 pu·

438 1633 627 1707 blicis
650 1636 911 1706 vocibus
932 1634 1174 1707 audire.

539 1742 641 1805 Ac
670 1757 736 1805 ut
760 1737 1036 1833 primum
1053 1736 1466 1841 interquievit
1486 1738 2013 1809 tumultuantium
2031 1736 2315 1818 clamor,
2352 1728 2486 1834 ipsc

438 1834 523 1908 md·
555 1836 784 1906 mortis
816 1834 1137 1909 tristitiam
1153 1833 1425 1905 'moestus
1449 1837 1769 1932 proripuit
1787 1833 1993 1905 semet>
2023 1834 2061 1902 ὲ
2087 1834 2265 1931 turba
2281 1878 2315 1927 ,Π
2345 1853 2482 1906 me·

375 1952 384 1953 ’
437 1958 566 2032 que
585 1933 799 2007 sedulo
816 1933 1099 2006 servante
1117 1932 1382 2029 vestigia
1400 1977 1422 2010 ‚
1462 1931 1540 2001 ad
1559 1929 1942 2002 domesticas
1962 1923 2133 1999 fores
2157 1931 2471 2027 pervenit;

436 2031 794 2105 Dimiserat.
831 2029 1322 2126 symphoniacos
1355 2049 1626 2110 omneS,
1666 2035 1733 2099 &
1769 2028 2159 2124 importunis
2207 2024 2475 2098 vexabat

433 2129 707 2226 pulsibus
749 2129 950 2195 limen
988 2122 1159 2193 suum
1180 2172 1202 2205 ,
1237 2145 1304 2195 ut
1340 2125 1468 2215 jam
1488 2146 1620 2223 ego
1653 2124 1836 2223 paene
1871 2121 2102 2196 furenti
2127 2148 2257 2197 nec*
2283 2123 2480 2197 aude-

434 2251 570 2297 rem
591 2222 926 2294 blanditias
941 2220 1262 2308 adhibere,
1319 2246 1437 2294 nec
1453 2221 1839 2296 intromiss'us
1859 2220 2124 2321 quidem
2142 2272 2169 2309 ,
2190 2225 2483 2324 pacatius

434 2327 502 2396 in
537 2319 848 2392 familiam
864 2322 1046 2420 egit,
1078 2319 1371 2421 trucique
1391 2323 1702 2420 imperio,
1751 2319 1968 2396 nescio
1999 2324 2154 2422 quid
2175 2367 2197 2404 ‚
2231 2323 2314 2396 de
2352 2322 2485 2397 ser-

434 2424 598 2496 vitio
628 2418 888 2520 questus
910 2465 933 2500 ‚
971 2418 1128 2491 duos
1156 2444 1237 2494 ex
1269 2424 1398 2492 illis
1419 2421 1810 2494 contumelia
1824 2417 2172 2494 'verborum
2196 2479 2214 2505 ,
2254 2444 2483 2530 rupto-'-

437 2546 564 2622 que
579 2521 1041 2616 capillamento
1054 2519 1443 2620 objurgavit.
1493 2525 1570 2590 ln
1593 2547 1701 2593 me
1721 2521 1954 2593 deiude
1977 2519 2126 2593 ficta
2144 2518 2487 2597 serenitate

441 2623 696 2712 intuens
717 2666 740 2698 ,
761 2644 1095 2715 procurare
1116 2623 1179 2690 in
1199 2619 1538 2692 crastinum
1559 2644 1788 2717 corpus
1807 2620 1979 2714 juffit
1997 2666 2021 2700 ‚
2044 2640 2185 2692 tum
2208 2622 2370 2693 mihi
2390 2623 2485 2695 le-

444 2722 687 2791 &ulum
723 2718 954 2804 sterni,
991 2743 1114 2790 nec
1149 2721 1346 2797 ullam
1381 2716 1510 2790 hos
1528 2720 1643 2790 *itii
1671 2722 2143 2822 benignitatem
2159 2719 2486 2821 denegari.

440 2814 588 2915 lpse
619 2817 687 2885 in
705 2816 1072 2888 cubiculum
1096 2819 1176 2890 ad
1197 2843 1459 2890 uxorem
1490 2746 1737 2896 ficem:
1756 2867 1783 2902 ,
1819 2842 1886 2891 ut
1906 2821 2140 2918 opinor
2160 2864 2183 2900 ‚
2222 2823 2483 2919 tragice

444 2917 660 2989 noetis
682 2910 870 2985 furias
889 2937 1238 2987 minaturus
1262 2921 1326 2988 in
1349 2916 1613 2990 sociam.

543 3011 691 3113 Ego
711 3039 862 3084 vero
877 3039 954 3086 ex
1004 3017 1331 3089 cantione
1349 3018 1695 3117 voluptatis
1720 3011 2024 3087 fraudatus
2041 3069 2062 3099 ‚
2085 3039 2231 3086 curn
2254 3011 2478 3087 tristif-

445 3116 690 3191 fimum·
711 3111 920 3186 casum
973 3139 1166 3185 ecuro
1183 3112 1599 3215 prosequerer
1618 3113 1737 3188 risu
1756 3170 1774 3196 ,
1809 3116 1876 3184 in
1892 3112 2266 3186 altiffimum·
2285 3111 2478 3213 sopo,

443 3240 585 3288 rem
602 3213 885 3285 delabor.
943 3217 1155 3286 Prima
1175 3216 1412 3288 deinde
1433 3218 1577 3289 luce
1592 3210 1985 3287 discursantis
2005 3210 2267 3287 familiae
2291 3215 2488 3286 mini·

446 3313 644 3386 sterio
677 3313 987 3384 excitatns
1007 3362 1029 3396 ,
1077 3339 1210 3385 non
1240 3315 1426 3386 omisi
1453 3313 1861 3412 pertinaciam
1885 3313 2133 3384 confilii
2160 3316 2288 3386 mci
2308 3339 2329 3399 ,¹
2350 3309 2480 3385 sed

442 3415 722 3484 omnino
739 3414 818 3484 ad
842 3413 1260 3485 Dorornisum
1281 3413 1580 3486 constitui
1614 3416 1726 3497 ire,
1765 3407 2012 3510 suaeque
2036 3409 2482 3487 misericordiae

446 3511 903 3583 commendare
917 3515 1344 3588 eruditionem
1368 3539 1602 3587 meam.
1655 3514 1983 3612 Igiturubi
2002 3516 2248 3585 cultum
2269 3535 2482 3587 meum

446 3610 818 3707 diligentius
856 3616 1098 3706 polivi,
1133 3614 1393 3713 rogavi,
1432 3638 1588 3685 num
1624 3615 1962 3686 Anemoni
2002 3632 2254 3685 vacaret
2281 3608 2485 3685 disce-

444 3708 714 3810 riemem
756 3709 1081 3813 hospitem
1111 3714 1349 3791 videre.
1402 3717 1527 3790 Ille
1563 3714 1642 3788 ad
1684 3711 1751 3787 se
1784 3713 1853 3789 in
1884 3713 2245 3789 cubiculum
2267 3712 2482 3882 *ζὲιέ
