2738 4475
978 140 1793 218 PARsI.'
2210 171 2355 248 τος

325 250 538 333 debam
557 284 579 331 t
615 264 806 361 quod
823 266 1093 363 amplius
1112 264 1273 337 mibi
1288 259 1581 363 persuasit
1599 264 1779 373 panis
1797 285 1936 338 tam
1955 260 2243 336 modicus
2275 268 2357 338 il-

314 361 468 433 latus
488 363 560 432 in
579 362 876 437 mensam
897 413 923 449 ,
942 387 1011 436 ut
1027 365 1106 436 ad
1127 367 1339 437 uncias
1360 366 1690 438 crederem
1707 364 1930 436 datum
1949 407 1972 443 ,
1997 386 2143 433 cum
2161 362 2358 437 subito

311 464 520 564 pelvis
540 461 666 535 affa
681 465 915 536 bubula
934 468 1286 548 cumulata,
1325 462 1410 534 fic
1446 486 1515 535 ut
1547 483 1818 561 quatuor
1837 460 2121 535 ferentes
2158 460 2363 557 depri-

215 586 226 599 '
313 585 571 646 meret,
610 564 809 663 ipsam
845 589 1026 663 paene
1065 561 1350 636 mensam
1389 558 1605 661 fregit.
1660 566 1788 637 'Et
1823 587 1906 635 ne
1938 559 2098 633 effet
2117 558 2361 633 Libero

312 665 751 764 vulcanoque
767 664 1099 738 rixandum
1118 708 1139 742 ‚
1166 664 1309 763 quis
1330 660 1648 733 diluendis
1668 665 1911 762 poculis
1930 667 2361 747 invocaretur,

320 790 458 837 nou
486 791 559 837 ea
590 765 874 864 lympbae
914 765 1187 836 mixtura
1226 758 1709 859 temperabant,
1747 758 1851 835 sed
1868 762 2109 836 Indicae
2132 784 2358 832 cannae

318 860 564 939 succum
598 863 1033 938 infundebant
1069 864 1134 932 in
1177 886 1420 934 merum
1441 906 1464 941 ,
1501 869 1569 934 δε
1595 887 1849 943 vacuata
1866 862 1943 934 ad
1977 860 2354 933 umbilicum

309 969 532 1064 pocula
569 966 660 1038 {ic
693 964 1019 1063 agebant,
1057 983 1123 1033 ut
1144 958 1386 1059 semper
1405 961 1714 1061 grandior
1741 964 1952 1062 latage
1982 966 2356 1060 expectaret

303 1065 652 1139 fecundam
692 1062 1087 1135 affufionem.
1141 1064 1411 1135 Interim
1430 1061 1770 1159 plaudebat
1792 1064 2054 1134 Labetri
2088 1060 2352 1147 familia,

293 1165 735 1265 stupebatque
754 1164 918 1235 hanc
940 1165 1106 1238 velut
1124 1162 1718 1259 magnanimitatem
1740 1163 1976 1235 edendi
2002 1186 2198 1261 :gens
2222 1166 2359 1261 ple·

290 1290 581 1365 rumque
622 1288 1001 1361 magnorum
1035 1258 1186 1333 non
1207 1283 1446 1354 capax,
1486 1269 1550 1334 δι
1589 1262 1762 1333 velut
1795 1264 1999 1358 patria
2032 1265 2351 1360 gravitate

283 1364 607 1463 depressa
645 1364 714 1432 in
750 1364 1181 1432 humiiitatem
1213 1357 1717 1454 cogitationum}
1757 1385 1902 1433 cum
1922 1384 2141 1434 tamen
2168 1388 2358 1434 exur-

288 1468 404 1563 git
426 1509 453 1543 ,
495 1461 670 1531 nuni
701 1460 935 1530 cedens
952 1459 1297 1555 capacitate
1315 1480 1558 1555 magnae
1586 1459 1845 1528 mentis.
1889 1462 2218 1557 Qniam
2247 1463 2353 1533 in-

295 1559 637 1663 gentibus
655 1559 825 1626 vitiis
848 1582 1089 1654 magnae
1110 1558 1369 1630 virtutes
1388 1572 1605 1652 parum
1623 1557 1858 1631 absunt.

420 1662 626 1729 Dum
648 1655 781 1727 haec
802 1678 1136 1753 agerentur
1153 1703 1174 1737 ‚
1212 1657 1473 1727 interim
1495 1653 1841 1752 improviso
1854 1656 1931 1727 ad
1950 1659 2111 1737 latus
2144 1654 2353 1731 aecci:

297 1759 388 1834 fit
413 1752 815 1828 suaviffimus
841 1764 1069 1827 Per-cas
1090 1807 1113 1843 ,
1154 1762 1261 1836 δε,
1301 1755 1637 1842 Qamdiu
1658 1752 1791 1837 est,
1815 1756 2058 1853 inquit,
2096 1758 2268 1854 quod
2286 1779 2354 1831 tc

352 1860 586 1931 σει-οὶ
617 1879 749 1926 non
784 1850 907 1924 fuit
935 1856 1115 1926 locus
1147 1856 1213 1925 in
1254 1855 1372 1925 hac
1417 1853 1665 1939 dome,
1697 1877 1892 1952 quem
1914 1856 2010 1924 bis
2031 1853 2353 1930 omiserim

286 1889 592 2033 perarari.
645 1955 735 2045 *N
736 1981 834 2025 am
856 1951 968 2025 sub
985 1956 1110 2026 hoc
1127 1952 1632 2025 medicaminum
1656 1947 1837 2027 fumo
1868 1979 1998 2024 non
2020 1954 2354 2031 credebam

297 2061 660 2131 delicatum
695 2054 1031 2126 hominem
1073 2056 1286 2125 vivere
1322 2050 1522 2149 posse.
1599 2056 1770 2125 Cum
1814 2078 2160 2153 quaererem
2191 2056 2347 2155 quid

307 2159 467 2229 novi
507 2150 921 2255 contigisset?
968 2151 1416 2255 AEquiffimus‚
1440 2152 2209 2250 inquit‚conditionituae
2227 2156 2344 2229 do-

307 2259 526 2330 minus
559 2277 623 2326 te
656 2256 724 2325 in
758 2256 1060 2327 vicarium
1093 2252 1213 2328 suae
1249 2253 1579 2353 dignitatis
1600 2250 1868 2327 affumit.
1926 2257 2090 2327 Mox
2112 2281 2178 2327 ut
2199 2256 2347 2348 juffi
2442 2293 2446 2297 Α

299 2352 536 2432 missos
566 2353 830 2423 affuetos
865 2352 1018 2426 sales
1044 2351 1322 2436 faceret,
1356 2351 1488 2448 ipse
1508 2356 1902 2450 protractum
1921 2377 2098 2425 extra
2116 2381 2349 2428 coena·

306 2456 541 2522 culum
577 2476 766 2521 manu
804 2451 1174 2545 prebendit=
1226 2460 1286 2524 δε
1313 2498 1334 2531 ,
1376 2455 1556 2536 Scis,
1594 2454 1838 2549 inquit,
1877 2476 2011 2548 quo
2044 2450 2344 2523 domiuus

310 2551 502 2622 viam
540 2545 991 2620 destinaverit?
1056 2555 1288 2635 Certe,
1328 2553 1593 2650 inquam
1631 2573 1797 2648 ego,
1836 2550 1998 2620 ultra
2034 2554 2344 2644 terminos

313 2647 649 2722 montium
674 2694 695 2725 ,
739 2641 1167 2745 quifestinatis
1187 2650 1429 2720 nivibus
1449 2652 1870 2723 aeternitatem
1899 2647 2147 2749 hyemis
2184 2675 2344 2723 con·-

307 2748 590 2819 tinuant.
650 2751 831 2820 Tum
863 2747 1012 2831 ille,
1051 2747 1212 2821 Tibi
1243 2774 1394 2829 vero
1424 2774 1687 2833 mnam,
1731 2751 1977 2849 inquit,
2018 2752 2341 2849 praeeundi

304 2846 600 2919 decrevit
617 2893 641 2928 ,
683 2868 822 2919 tum
842 2869 912 2917 ut
926 2844 1152 2917 rustica
1180 2847 1515 2920 diversoria
1529 2852 1747 2947 genius
1771 2849 2183 2924 humanitatis
2215 2861 2360 2922 ωε

300 2949 570 3045 mitiget
590 2992 612 3026 ,
632 2969 775 3018 tum
792 2968 861 3015 ut
879 2947 1226 3045 municipia
1244 2971 1622 3022 moneantur
1636 3007 1657 3033 ,
1696 2975 1776 3022 ne
1794 2949 2021 3023 illustri
2040 2947 2347 3021 concursu

302 3047 476 3116 tanti
506 3045 784 3120 hominis
819 3040 1106 3117 fraudent
1140 3046 1511 3119 adventum.
1563 3052 1742 3121 Nam
1778 3047 1860 3117 de
1897 3049 2022 3118 tuis
2060 3047 2345 3124 moribus

308 3165 452 3215 tam
471 3166 615 3239 apte
632 3147 707 3215 ad
729 3142 928 3215 fidem
947 3145 1118 3225 dixi,
1155 3168 1222 3217 ut
1256 3170 1319 3219 te
1339 3147 1495 3219 nihil
1519 3148 1649 3238 jam
1685 3144 1900 3215 credat
1919 3142 2046 3214 effe
2069 3144 2342 3241 pruden-

305 3242 473 3313 tius.
513 3245 637 3314 His
653 3241 841 3326 distis
858 3243 935 3315 ad
957 3247 1336 3337 Gallionem
1350 3246 1645 3344 perduxit
1662 3300 1682 3326 ,
1718 3243 2033 3340 quiquam
2054 3246 2342 3341 plurimis

302 3364 648 3418 oneratum
667 3341 972 3418 mandatis
993 3344 1267 3423 dimittit
1286 3348 1353 3416 in
1378 3344 1736 3444 proximam
1756 3340 1970 3418 urbem
1990 3389 2011 3426 2
2036 3342 2349 3448 juffitque*

2268 3469 2338 3520 ut

376 3598 401 3632 1
441 3585 498 3632 Ee
510 3601 563 3631 ne
576 3582 713 3634 libero
725 3617 746 3644 ,
776 3590 1040 3655 Vale-cneque
1052 3581 1292 3637 rixandum
1345 3597 1523 3634 terams
1539 3596 1719 3633 morem
1733 3577 1865 3638 fuiss'e
1877 3581 1999 3650 apud
2011 3582 2232 3648 antiquos
2250 3598 2337 3635 ne.

290 3651 408 3717 efflt
420 3684 439 3709 ,
457 3653 587 3717 eya]
624 3655 726 3706 niis
743 3657 1022 3723 propinandi
1040 3688 1058 3712 ,
1086 3650 1291 3709 iibandi,
1345 3651 1492 3703 sciat?
1541 3650 1649 3710 vide
1660 3648 1820 3719 panim
1834 3652 2087 3704 Horatium
2103 3650 2155 3699 in
2171 3653 2361 3708 Cum-x

286 3734 378 3782 aut
391 3734 481 3773 cos
495 3721 746 3787 laudandi,
778 3727 829 3783 ὅς
843 3721 1100 3795 invocandi
1116 3721 1224 3789 quis
1237 3720 1298 3773 li-
1349 3722 1436 3791 lyr.
1674 3788 1721 3840 G
1756 3803 1779 3854 ς
2224 3796 2249 3832 ¹
2287 3786 2351 3841 m
