2738 4475
487 246 625 328 532
966 220 2066 296 Emanium-surum

369 429 378 437 ·
482 345 643 414 vitia
659 341 1044 440 propellant.
1086 338 1283 431 Qod
1304 336 1349 411 li
1372 339 1523 409 illos
1549 331 2008 434 perfunRorio
2031 335 2332 439 Principis
2350 342 2546 426 nutu,

487 463 598 513 aut
619 440 956 513 verborum
974 440 1280 510 comitate
1296 484 1319 518 ‚
1364 436 1544 509 beari
1561 436 1908 534 contigerit
1924 486 1954 523 ,
1975 459 2136 512 tunc
2148 465 2287 512 vero
2302 438 2537 512 solutis

491 539 760 638 superbo
796 538 1030 639 gaudio
1044 537 1333 610 articulis
1353 535 1522 634 pene
1541 535 1782 607 labare:
1829 540 1949 636 qui
1971 534 2316 621 adfuerint,
2354 562 2531 639 quos

400 688 407 694 -
492 662 685 730 tantat
700 639 918 737 gratiae
934 635 1130 708 testes
1154 636 1490 709 habuerint
1505 682 1528 715 ‚
1569 637 1674 707 vix
1689 632 1749 706 sc
1767 638 2157 710 tenentibus
2173 642 2355 711 oculis
2373 662 2528 736 per-

487 736 767 809 lustrare.
835 735 963 809 Sed
989 737 1271 832 maxime
1291 732 1564 814 lascivia:
1582 734 1986 834 ludorumque
2008 735 2269 812 firmam
2289 756 2519 820 amant,

485 834 652 936 quali
678 837 747 907 in
767 833 1127 907 nobilitatis
1143 892 1165 919 ,
1190 842 1257 908 δι
1276 834 1539 931 quidem
1560 836 1691 926 jam
1708 834 1892 906 virilis
1911 883 1935 917 ,
1949 834 2306 909 indicium.
2365 839 2516 911 Nec

481 960 601 1034 pro
629 932 733 1004 sua
754 931 816 1006 se
838 929 1087 1004 fortuna
1109 979 1129 1013 ,
1155 932 1262 1005 sed
1281 959 1361 1005 ex
1383 953 1754 1031 magnatum
1771 930 2001 1030 sumptu
2020 978 2045 1014 ‚
2087 957 2359 1035 regunt.
2418 942 2522 1010 lta

480 1033 729 1107 cursum
751 1031 928 1129 supra
945 1029 1010 1104 se
1029 1035 1320 1105 euntium
1341 1032 1775 1117 aemulati‚nec
1794 1031 2056 1132 vestigiis
2072 1036 2283 1105 tantis
2295 1059 2521 1130 pares,

481 1131 788 1207 exhausto
820 1129 1038 1230 spiritu
1069 1130 1405 1204 deficiunt.
1474 1132 1658 1204 Hinc
1686 1132 1930 1203 interim
1961 1131 2145 1203 alieni
2184 1131 2513 1205 acerbitas

482 1235 623 1323 atris
645 1278 666 1312 ‚
710 1237 779 1303 δε
800 1232 1052 1330 indigni
1066 1231 1319 1330 questus
1340 1233 1408 1303 in
1432 1231 1762 1329 Principes
1781 1229 1962 1302 abhis
1978 1228 2124 1329 iplis
2137 1231 2245 1330 qui
2265 1253 2507 1325 pecca-

478 1353 626 1406 runt
648 1360 668 1402 t
709 1330 876 1429 quaii
893 1328 1142 1403 suorum
1158 1331 1456 1404 omnium
1474 1329 1755 1429 ingeniis
1773 1326 2124 1428 sapientiam
2140 1329 2382 1429 poffint
2399 1333 2504 1403 in·

483 1425 746 1503 fundere
763 1478 792 1513 ,
816 1430 1126 1502 debeatve
1140 1425 1378 1503 sacrum
1401 1432 1722 1513 aerarium,
1741 1436 1805 1501 &
1827 1453 1934 1528 pet
1952 1428 2494 1527 bocRespublic-a,

483 1550 676 1603 tantae
691 1529 1166 1603 libidinantium
1186 1527 1440 1601 insania:
1461 1554 1697 1627 poenas
1717 1528 1890 1601 dare.
1963 1538 2121 1606 Sunt
2131 1555 2259 1603 non
2272 1531 2339 1602 in
2359 1533 2502 1604 Re-

486 1630 618 1729 giis
636 1629 863 1714 mode,
884 1627 990 1700 sed
1010 1630 1077 1700 in
1097 1631 1278 1700 omni
1299 1653 1535 1726 genere
1553 1629 1703 1702 vitae
1724 1671 1747 1706 2
1787 1627 2034 1702 diversa
2049 1654 2238 1729 quam
2252 1630 2513 1704 divitum

486 1751 628 1802 tam
643 1745 998 1829 egenorum
1019 1729 1311 1826 ingenia3
1371 1735 1632 1823 Egcnos
1662 1753 1876 1799 :mrem
1897 1752 2118 1826 putem
2137 1781 2159 1815 ,
2181 1756 2309 1802 non
2331 1727 2521 1804 modo

487 1853 653 1928 quos
683 1830 903 1924 inopia
936 1827 1013 1899 ad
1054 1826 1321 1903 vestium
1363 1829 1778 1924 ciborumque
1814 1826 2191 1901 miserabiles
2209 1852 2388 1900 curas
2403 1826 2519 1897 ad·

484 1930 735 2028 egerit,
777 1925 884 2000 sed
920 1922 1391 2028 quibuscunque
1415 1954 1570 2024 opes
1596 1930 1811 1998 desunt
1830 1926 1903 1998 ad
1920 1929 2094 1997 illam
2112 1951 2300 2023 quarn
2318 1922 2510 1997 insti-

486 2031 688 2101 terint
707 2028 902 2111 vitam
921 2073 942 2108 ,
967 2032 1034 2096 δι
1058 2028 1095 2096 ὲ
1120 2028 1294 2118 cujus
1316 2032 1634 2109 claritate,
1673 2028 1784 2096 nili
1802 2023 2087 2120 pudenda
2106 2020 2517 2095 confeffione
2555 2069 2557 2072 .

483 2127 876 2221 paupertatis
898 2172 921 2208 ‚
966 2148 1099 2194 non
1118 2123 1359 2222 poffint
1373 2124 1682 2197 recedere.
1737 2124 1928 2220 Igitur
1966 2145 2046 2192 ex
2062 2121 2375 2219 inopibus
2396 2123 2519 2195 ali·

482 2224 596 2318 qui
619 2224 852 2320 apertis
874 2223 1203 2295 doloribus
1224 2245 1515 2326 gemunt,
1565 2231 1633 2296 δι
1672 2222 1842 2321 quer-i
1873 2220 1957 2292 de
1996 2220 2354 2320 iniquitate
2390 2220 2516 2296 fue

482 2320 671 2394 sortis
689 2367 712 2403 ‚
738 2315 930 2421 q‘uam
948 2320 1247 2396 excusare
1268 2347 1373 2397 aut
1389 2345 1595 2423 tegere
1609 2347 1750 2394 eam
1771 2378 1792 2407 ‚
1816 2323 2082 2393 malunt.
2132 2327 2253 2393 Ita·
2265 2349 2515 2422 magno

488 2423 867 2496 calamitatis
886 2422 1116 2496 solatio
1136 2477 1153 2505 ‚
1192 2425 1408 2521 palam
1431 2418 1658 2522 possint
1677 2418 1988 2493 fortunam
2004 2420 2381 2522 objurgare,
2425 2418 2522 2493 fir-

492 2524 805 2625 giuntque
826 2524 1024 2617 majus
1047 2524 1269 2621 inopia
1289 2526 1526 2596 malum
1549 2580 1568 2608 ,
1606 2520 1886 2594 {imulare
1924 2520 2201 2593 divitias.
2287 2519 2519 2594 Etiam

492 2620 827 2696 affuescere
849 2623 1285 2696 incommodis
1308 2620 1430 2693 suis
1455 2619 1744 2720 poss'unt,
1780 2617 2198 2721 profeffisque
2211 2619 2537 2704 laboribus

493 2722 849 2791 remedium
888 2746 1169 2816 quaerere
1206 2723 1271 2791 in
1312 2722 1759 2821 aegritudinem
1780 2745 1980 2820 quam
1997 2746 2133 2793 non
2151 2742 2401 2818 tegunt.
2450 2724 2538 2794 Et

492 2816 562 2886 hi
579 2816 839 2913 quidem
863 2815 1005 2888 sunt
1022 2863 1045 2896 ‚
1088 2820 1188 2890 vel
1229 2817 1593 2892 humilitate
1630 2840 1967 2918 parentum
2000 2821 2089 2890 ita
2105 2816 2257 2890 faffl
2276 2864 2300 2898 ‚
2346 2817 2533 2905 nead

493 2911 846 3014 egestatem
867 2914 1235 2989 erubescere
1256 2919 1393 3012 jure
1414 2919 1695 3018 possint3
1760 2919 1887 2993 Vel
1933 2917 2134 3015 (quod
2166 2917 2334 2986 vitiis
2353 2916 2523 3013 pene

498 3027 941 3112 annumerem)
968 3013 1307 3114 iniquitate
1334 3016 1606 3091 fortunae
1630 3019 1802 3089 velut
1817 3016 2076 3088 verbere
2091 3014 2356 3101 domiti,
2405 3038 2534 3088 nec

503 3113 542 3185 s
533 3118 737 3214 pirate
756 3117 937 3187 altius
960 3118 1076 3188 auli
1100 3138 1122 3202 3
1171 3120 1299 3189 Vel
1321 3117 1599 3218 denique
1621 3116 1876 3216 pulchro
1897 3140 2111 3188 rerum
2125 3114 2546 3189 humanarum

502 3236 766 3288 contem
775 3237 885 3311 pru
906 3273 925 3300 ,
964 3240 1364 3314 nequaquam
1384 3242 1530 3289 eam
1551 3216 1786 3289 sortem
1803 3214 2179 3315 indignati,
2213 3216 2289 3288 in
2306 3240 2493 3316 quam
2510 3213 2546 3285 Ξ

504 3309 652 3382 fatis
673 3315 1110 3402 collocantur;
1144 3323 1210 3388 &
1234 3340 1470 3416 magna
1488 3339 1707 3415 regere
1726 3316 1984 3397 idonei,
2011 3326 2078 3392 δι
2101 3318 2175 3388 in
2195 3319 2406 3417 parvis
2424 3337 2538 3386 uon

509 3409 774 3503 dejecti.

608 3506 762 3600 fEst
794 3511 962 3583 aliud
990 3514 1320 3614 egentium
1353 3536 1558 3611 genus
1590 3516 1972 3587 contumaci
1998 3524 2432 3615 Spartamque
2445 3537 2550 3611 pa-

1718 3681 1725 3687 .
1985 3659 1989 3661 -
2476 3639 2556 3685 ua

581 3718 605 3754 1
640 3706 715 3756 m
739 3706 859 3767 alind
883 3713 1491 3783 egenee'umgqnuconemaeci,
1552 3707 1772 3760 tientiam
1785 3712 1999 3775 appellat
2015 3714 2318 3781 Spartanam'
2324 3638 2561 3783 ,Ἐμο-

513 3779 801 3845 δμννωφιε
808 3780 1068 3845 patiemim]
1085 3787 1397 3850 Spontaneam
1405 3795 1492 3848 pa·
1555 3791 1655 3850 pter
1683 3779 1887 3833 severam
1902 3795 2023 3851 σῳ
2039 3800 2231 3851 pueros
2246 3792 2564 3907 spumam
2658 3812 2659 3835 η
