2738 4475
865 161 920 230 P
1019 180 1070 229 Α
1149 165 1226 230 ’Κ
1330 183 1359 231 S
1484 161 1520 228 Ῑ
1546 162 1578 231 Ῑ
1598 164 1658 230 It
2124 174 2268 254 301

210 279 318 348 'tut
331 274 515 348 unius
555 274 736 346 astus
752 272 861 347 sus
893 276 1108 347 icione
1129 296 1267 347 tota
1283 275 1604 374 tragoedia
1620 271 1901 346 innoxiis
1918 271 2270 369 imputaba-

211 398 323 447 tur.
381 373 791 462 Quibusdam
840 374 1205 454 ufficiebant
1243 374 1503 446 obscura
1524 374 1756 444 natalia
1778 403 1800 460 ;
1835 375 1941 445 alii
1958 369 2153 444 facile
2167 371 2269 440 in-

207 477 465 574 genium
485 522 508 556 ,
531 483 601 548 &
624 479 928 548 virtutum
950 477 1385 573 vitiorumque
1407 495 1665 572 potens,
1688 473 1869 546 vanis
1889 468 2269 570 suspicioni-

209 574 317 645 bus
337 576 622 644 luebant.
646 575 814 648 lllud
835 600 989 649 vero
1007 573 1408 646 acerbiffime
1427 575 1569 665 tuli3
1663 573 1902 644 aeclarae
1923 568 2266 670 dignitatis

213 696 624 771 purpuratum
659 673 1014 748 traduetum
1052 669 1162 746 sub
1195 674 1315 744 hac
1354 676 1525 747 larva
1560 697 1593 743 a
1650 672 1930 746 inimicis
1950 671 2114 746 meis
2130 669 2264 740 ini-
2298 735 2305 739 ,

215 770 509 871 quiffima
530 772 918 845 accusatione
937 775 1181 867 jaRari.
1603 859 1609 866 ι

319 872 564 944 Molles
584 882 648 947 &
674 901 894 974 parum
914 873 1129 944 viriles
1150 869 1477 951 illecebras
1497 869 1724 971 quibus
1740 861 2138 969 voluptatem
2154 863 2262 939 in·-

127 993 131 998 ·
221 968 490 1055 vitaret,
522 991 900 1073 turpemque
918 969 1139 1045 formae
1161 998 1373 1046 curam
1391 971 1646 1061 aiebant
1663 1027 1684 1056 ,
1704 966 1857 1042 falsa
1871 970 2130 1070 quidem
2144 967 2256 1039 ina

211 1065 315 1140 sed
331 1070 1371 1169 contumeliofissimaproeacitate
1393 1073 1684 1166 dilatam.
1723 1075 1876 1143 Hoc
1894 1089 2105 1141 autem
2122 1091 2258 1141 non

206 1168 301 1240 illi
321 1171 526 1244 modo
540 1199 738 1273 quem
759 1170 1092 1257 volebant,
1123 1169 1228 1254 sed
1253 1180 1317 1245 &
1341 1169 1449 1240 ubi
1470 1171 1760 1246 Callioni
1779 1169 2133 1262 objecerim
2154 1168 2263 1268 ig-

194 1292 364 1340 noro
383 1327 408 1356 ‚
426 1297 626 1372 quem
643 1295 902 1346 tantum
920 1267 1178 1369 paruisse
1198 1268 1285 1341 sui
1304 1269 1495 1344 seculi
1511 1271 1705 1351 vitiis,
1733 1295 1864 1342 non
1880 1291 2095 1341 autem
2116 1292 2259 1341 mu·-

192 1365 385 1438 liebri
406 1373 680 1469 ingenio
695 1367 1000 1467 praeivisse
1018 1369 1325 1440 contendi
1349 1367 1495 1459 3sed
1516 1367 1788 1447 adulatio
1809 1372 2031 1469 Satyra
2047 1369 2261 1466 pejor,
2336 1433 2339 1440 .

189 1461 461 1538 summo
498 1479 566 1539 &
587 1467 991 1538 nobiliffimo
1007 1467 1261 1539 homini
1276 1465 1469 1537 illusit
1487 1515 1513 1551 ,
1541 1493 1686 1540 eurn
1706 1468 1818 1540 sub
1839 1471 2146 1541 Callione
2163 1467 2263 1539 la-

191 1572 602 1652 ceratunn&
625 1574 642 1603 ¹
663 1566 830 1637 inter
847 1566 1290 1663 Berecynthia:
1309 1569 1543 1639 Gallos
1566 1592 1678 1665 per
1693 1565 1965 1639 ludibria
1979 1574 2048 1639 δι
2071 1589 2265 1638 ener-

200 1662 393 1736 vium
429 1662 738 1735 vitiorum
776 1667 1237 1739 contumeliam
1273 1662 1625 1737 exseRum.
1678 1669 1774 1738 At
1805 1666 1915 1736 ille
1933 1667 2081 1764 quia
2095 1662 2262 1735 nihil

193 1759 292 1832 *de
307 1757 377 1832 se
394 1758 711 1856 ejusmodi
729 1763 1032 1837 credebat
1053 1811 1078 1848 ,
1106 1786 1211 1835 aut
1230 1760 1650 1837 referentibus
1666 1765 1933 1838 tardiori
1954 1762 2085 1836 fide
2104 1787 2267 1834 con-

186 1856 435 1947 sentit,
480 1884 590 1933 aut
618 1862 926 1964 quicquid
941 1863 1101 1935 illud
1121 1886 1257 1937 erat
1276 1859 1437 1936 infra
1454 1865 1720 1937 ultionis
1737 1864 2121 1964 dignitatem
2142 1861 2270 1946 effe

190 1958 406 2032 duxit.
463 1962 639 2034 Mihi
671 1986 887 2036 autem
918 1964 1154 2064 ignoto
1172 2011 1199 2048 ‚
1240 1971 1310 2035 δε
1351 1966 1567 2036 alieno
1598 1959 1884 2038 facinore
1920 1960 2267 2046 laboranti,

193 2077 347 2132 cum
385 2063 549 2134 ultra
585 2062 918 2135 biennium
942 2065 1011 2134 in
1025 2088 1101 2134 ea
1117 2060 1474 2161 suspicione
1486 2061 1804 2157 jacuissem
1821 2118 1843 2147 ,
1884 2061 1963 2134 ab
1978 2060 2267 2133 inimicis

193 2160 529 2234 nuntiatur
545 2187 648 2235 me
663 2189 883 2263 parurn
903 2188 1025 2261 pro
1042 2160 1355 2234 modestia
1371 2184 1619 2234 tantum
1640 2161 1975 2235 hominem
1997 2159 2163 2233 tristi
2184 2165 2260 2232 δε

194 2260 625 2336 inverecunda
658 2265 950 2336 oratione
988 2259 1234 2335 laefiffe.
1282 2262 1636 2345 Turbatus,
1655 2270 1723 2338 &
1744 2265 2079 2360 extemplo
2095 2285 2261 2331 con-

199 2355 487 2434 scientiae
533 2364 932 2462 interrogans
969 2360 1165 2435 fidem
1183 2408 1208 2445 ‚
1248 2362 1840 2460 circumspiciebam
1874 2387 1955 2434 ne
2021 2385 2099 2430 ua
2117 2380 2258 2435 tam

201 2457 667 2555 intempestiva
681 2462 982 2557 impietas
1006 2487 1202 2559 nugas
1218 2462 1732 2561 Euphormionis
1752 2389 2263 2559 polluisset-Nec

205 2555 533 2628 timebam
570 2557 861 2633 meditati
896 2555 1195 2630 facinoris
1213 2563 1466 2660 culpam
1484 2615 1506 2645 ,
1552 2556 1663 2634 sed
1681 2557 1945 2632 verebar
1957 2552 2264 2629 excidiffe

213 2655 400 2727 inter
442 2653 728 2753 publicos
762 2656 1017 2755 questus
1052 2685 1189 2756 qua:
1210 2660 1275 2729 in
1291 2686 1441 2733 eum
1459 2685 1591 2732 non
1613 2658 1741 2732 line
1761 2658 2131 2750 conjectura
2150 2652 2267 2726 de·

215 2749 410 2826 Βεᾶἰ
444 2751 800 2851 potuissent.
860 2763 958 2831 Ut
977 2756 1205 2829 deinde
1229 2762 1598 2834 Gallionem
1615 2759 2020 2832 nominarunt
2044 2804 2069 2841 ,
2103 2777 2261 2828 tunc

216 2877 378 2926 vero
414 2856 723 2925 attonitus
759 2864 825 2927 &
849 2859 1191 2956 impatiens
1213 2862 1621 2938 contumeliae
1642 2906 1665 2943 ,
1701 2885 1830 2932 non
1850 2857 2040 2930 risum
2057 2914 2080 2942 ‚
2122 2878 2261 2929 non
2376 2918 2377 2923 ,

213 2949 610 3037 iracundiam
669 2954 972 3029 tenebam
1015 3002 1038 3039 ,
1092 2955 1401 3059 simulque
1456 2955 1956 3059 ingemiscebam
1991 2951 2262 3026 miseriae

214 3054 645 3149 optimatum
668 3102 692 3136 ‚
710 3058 818 3155 qui
836 3082 1044 3155 neque
1065 3052 1167 3128 sua
1187 3058 1357 3131 bona
1379 3083 1586 3158 neque
1604 3059 1766 3130 mala
1781 3105 1804 3136 ,
1823 3054 1938 3126 nist
1959 3078 2039 3123 ex
2057 3051 2264 3123 aliena

208 3148 351 3225 fide
388 3154 799 3252 cognoscunt.
851 3160 937 3229 Et
971 3157 1141 3227 illius
1178 3158 1443 3255 quidem
1476 3180 1716 3228 nomen
1759 3151 2041 3223 fideliori
2072 3170 2263 3221 reve·-

206 3252 423 3325 rencia
441 3253 669 3323 tacebo
683 3310 702 3337 ,
723 3280 914 3353 quam
931 3253 1119 3327 stulta
1142 3264 1208 3328 δι
1230 3259 1529 3354 imperita
1549 3253 1937 3323 adulantium
1954 3247 2260 3345 nequitia,

206 3352 326 3456 qui
345 3348 571 3425 nescio
589 3354 741 3452 quid
757 3354 836 3426 de
860 3357 975 3427 illo
995 3354 1291 3431 videntur
1310 3351 1642 3427 credidiffe
1658 3409 1680 3438 ,
1714 3352 1781 3422 in
1797 3374 1991 3450 quem
2012 3348 2264 3462 Gallio-⁶

2161 3471 2262 3519 ms

286 3599 316 3637 1
364 3590 494 3637 Inter
511 3587 798 3656 anaqam
825 3586 973 3641 Ganos
991 3604 1072 3657 per
1098 3588 1217 3638 tuda·-
1268 3584 1545 3637 dicebantur
1573 3584 1626 3635 δε
1654 3580 1737 3650 ipsi
1768 3573 1995 3656 spontese
2008 3578 2265 3633 castrabant

203 3652 306 3707 bid
319 3691 338 3715 ‚
372 3662 440 3712 &¹
452 3661 672 3709 enervia
698 3661 904 3708 viciorum:
925 3660 1216 3707 commestam
1273 3655 1381 3711 hnic
1394 3653 1713 3713 ministraturi·

201 3726 471 3798 vestam]
503 3726 776 3804 sacerdotes
810 3727 946 3801 hujus
966 3728 1074 3778 Dea
1090 3725 1218 3778 eam
1484 3727 1495 3733 ·
1737 3788 1780 3861 E
2072 3797 2094 3835 ι
2134 3784 2279 3855 ww
