<?xml version="1.0" encoding="UTF-8"?>
<!DOCTYPE html PUBLIC "-//W3C//DTD XHTML 1.0 Transitional//EN"
    "http://www.w3.org/TR/xhtml1/DTD/xhtml1-transitional.dtd">
<html xmlns="http://www.w3.org/1999/xhtml" xml:lang="en" lang="en">
 <head>
  <title>
</title>
<meta http-equiv="Content-Type" content="text/html;charset=utf-8" />
  <meta name='ocr-system' content='tesseract 3.04.00' />
  <meta name='ocr-capabilities' content='ocr_page ocr_carea ocr_par ocr_line ocrx_word'/>
</head>
<body>
  <div class='ocr_page' id='page_1' title='image "./euphormionislus00barcgoog_0549.png"; bbox 0 0 2738 4475; ppageno 0'>
   <div class='ocr_carea' id='block_1_1' title="bbox 822 282 2239 381">
    <p class='ocr_par' dir='ltr' id='par_1_1' title="bbox 822 282 2239 381">
     <span class='ocr_line' id='line_1_1' title="bbox 822 282 2239 381; baseline -0.004 -19"><span class='ocrx_word' id='word_1_1' title='bbox 822 290 1594 362; x_wconf 60' lang='lat' dir='ltr'>Pans&#39;IV.</span> <span class='ocrx_word' id='word_1_2' title='bbox 2097 282 2239 381; x_wconf 78' lang='lat'>483</span> 
     </span>
    </p>
   </div>
   <div class='ocr_carea' id='block_1_2' title="bbox 189 399 2260 3794">
    <p class='ocr_par' dir='ltr' id='par_1_2' title="bbox 228 399 2249 510">
     <span class='ocr_line' id='line_1_2' title="bbox 228 399 2249 510; baseline -0.002 -27"><span class='ocrx_word' id='word_1_3' title='bbox 228 407 420 510; x_wconf 74' lang='lat' dir='ltr'>potest</span> <span class='ocrx_word' id='word_1_4' title='bbox 445 399 464 482; x_wconf 67' lang='grc' dir='ltr'>ξ</span> <span class='ocrx_word' id='word_1_5' title='bbox 519 416 622 482; x_wconf 85' lang='lat' dir='ltr'>Ita</span> <span class='ocrx_word' id='word_1_6' title='bbox 637 405 742 479; x_wconf 81' lang='lat' dir='ltr'>isti</span> <span class='ocrx_word' id='word_1_7' title='bbox 759 408 1056 477; x_wconf 83' lang='lat' dir='ltr'>omnium</span> <span class='ocrx_word' id='word_1_8' title='bbox 1075 425 1284 477; x_wconf 71' lang='lat' dir='ltr'>rerum</span> <span class='ocrx_word' id='word_1_9' title='bbox 1300 406 1837 505; x_wconf 83' lang='lat' dir='ltr'>scientiarumque</span> <span class='ocrx_word' id='word_1_10' title='bbox 1854 406 2249 504; x_wconf 75' lang='lat' dir='ltr'>primasspe-</span> 
     </span>
    </p>

    <p class='ocr_par' dir='ltr' id='par_1_3' title="bbox 229 499 2253 606">
     <span class='ocr_line' id='line_1_3' title="bbox 229 499 2253 606; baseline -0.001 -25"><span class='ocrx_word' id='word_1_11' title='bbox 229 514 344 581; x_wconf 73' lang='lat' dir='ltr'>cies</span> <span class='ocrx_word' id='word_1_12' title='bbox 366 509 475 581; x_wconf 74' lang='lat' dir='ltr'>fibi</span> <span class='ocrx_word' id='word_1_13' title='bbox 500 511 536 580; x_wconf 67' lang='grc' dir='ltr'>ἂ</span> <span class='ocrx_word' id='word_1_14' title='bbox 557 510 778 606; x_wconf 69' lang='lat' dir='ltr'>capaci</span> <span class='ocrx_word' id='word_1_15' title='bbox 797 509 1045 579; x_wconf 73' lang='lat' dir='ltr'>Natura</span> <span class='ocrx_word' id='word_1_16' title='bbox 1062 499 1368 602; x_wconf 59' lang='lat' dir='ltr'>subjeaas</span> <span class='ocrx_word' id='word_1_17' title='bbox 1390 550 1412 585; x_wconf 87' lang='lat'>,</span> <span class='ocrx_word' id='word_1_18' title='bbox 1448 503 1790 588; x_wconf 78' lang='lat' dir='ltr'>faciliime,</span> <span class='ocrx_word' id='word_1_19' title='bbox 1844 530 1915 576; x_wconf 83' lang='lat' dir='ltr'>ac</span> <span class='ocrx_word' id='word_1_20' title='bbox 1939 503 2107 603; x_wconf 65' lang='lat' dir='ltr'>pene</span> <span class='ocrx_word' id='word_1_21' title='bbox 2132 528 2253 578; x_wconf 83' lang='lat' dir='ltr'>nec</span> 
     </span>
    </p>

    <p class='ocr_par' dir='ltr' id='par_1_4' title="bbox 225 605 2254 708">
     <span class='ocr_line' id='line_1_4' title="bbox 225 605 2254 708; baseline -0.003 -28"><span class='ocrx_word' id='word_1_22' title='bbox 225 607 576 708; x_wconf 71' lang='lat' dir='ltr'>cogitantes</span> <span class='ocrx_word' id='word_1_23' title='bbox 591 649 614 690; x_wconf 83' lang='lat'>‚</span> <span class='ocrx_word' id='word_1_24' title='bbox 649 607 998 678; x_wconf 70' lang='lat' dir='ltr'>admittunt</span> <span class='ocrx_word' id='word_1_25' title='bbox 1018 637 1041 693; x_wconf 81' lang='lat'>3</span> <span class='ocrx_word' id='word_1_26' title='bbox 1096 605 1336 704; x_wconf 63' lang='lat' dir='ltr'>aliquid</span> <span class='ocrx_word' id='word_1_27' title='bbox 1378 628 1589 676; x_wconf 89' lang='lat' dir='ltr'>autem</span> <span class='ocrx_word' id='word_1_28' title='bbox 1627 608 1897 704; x_wconf 82' lang='lat' dir='ltr'>amplius</span> <span class='ocrx_word' id='word_1_29' title='bbox 1924 627 2119 703; x_wconf 81' lang='lat' dir='ltr'>atque</span> <span class='ocrx_word' id='word_1_30' title='bbox 2137 627 2254 675; x_wconf 82' lang='lat' dir='ltr'>ex-</span> 
     </span>
    </p>

    <p class='ocr_par' dir='ltr' id='par_1_5' title="bbox 226 701 2256 779">
     <span class='ocr_line' id='line_1_5' title="bbox 226 701 2256 779; baseline -0.002 0"><span class='ocrx_word' id='word_1_31' title='bbox 226 710 418 779; x_wconf 67' lang='lat' dir='ltr'>afflus</span> <span class='ocrx_word' id='word_1_32' title='bbox 453 710 521 778; x_wconf 82' lang='lat' dir='ltr'>in</span> <span class='ocrx_word' id='word_1_33' title='bbox 553 707 896 779; x_wconf 61' lang='lat' dir='ltr'>earundem</span> <span class='ocrx_word' id='word_1_34' title='bbox 935 730 1144 778; x_wconf 84' lang='lat' dir='ltr'>rerum</span> <span class='ocrx_word' id='word_1_35' title='bbox 1181 705 1402 777; x_wconf 82' lang='lat' dir='ltr'>studiis</span> <span class='ocrx_word' id='word_1_36' title='bbox 1442 726 1547 774; x_wconf 84' lang='lat' dir='ltr'>aut</span> <span class='ocrx_word' id='word_1_37' title='bbox 1587 701 1797 777; x_wconf 81' lang='lat' dir='ltr'>facere</span> <span class='ocrx_word' id='word_1_38' title='bbox 1831 727 1937 776; x_wconf 80' lang='lat' dir='ltr'>aut</span> <span class='ocrx_word' id='word_1_39' title='bbox 1959 706 2128 776; x_wconf 83' lang='lat' dir='ltr'>velle</span> <span class='ocrx_word' id='word_1_40' title='bbox 2143 705 2256 777; x_wconf 81' lang='lat' dir='ltr'>vix</span> 
     </span>
    </p>

    <p class='ocr_par' dir='ltr' id='par_1_6' title="bbox 224 801 2254 907">
     <span class='ocr_line' id='line_1_6' title="bbox 224 801 2254 907; baseline 0 -31"><span class='ocrx_word' id='word_1_41' title='bbox 224 806 484 904; x_wconf 70' lang='lat' dir='ltr'>poffunt.</span> <span class='ocrx_word' id='word_1_42' title='bbox 537 813 780 907; x_wconf 76' lang='lat' dir='ltr'>Ingens</span> <span class='ocrx_word' id='word_1_43' title='bbox 797 804 1062 905; x_wconf 77' lang='lat' dir='ltr'>quidem</span> <span class='ocrx_word' id='word_1_44' title='bbox 1078 823 1524 904; x_wconf 71' lang='lat' dir='ltr'><strong>argumentum</strong></span> <span class='ocrx_word' id='word_1_45' title='bbox 1547 801 1669 876; x_wconf 78' lang='lat' dir='ltr'>effe</span> <span class='ocrx_word' id='word_1_46' title='bbox 1687 803 2099 889; x_wconf 82' lang='lat' dir='ltr'>crediderim,</span> <span class='ocrx_word' id='word_1_47' title='bbox 2117 828 2254 876; x_wconf 93' lang='lat' dir='ltr'>non</span> 
     </span>
    </p>

    <p class='ocr_par' dir='ltr' id='par_1_7' title="bbox 222 898 2252 1002">
     <span class='ocr_line' id='line_1_7' title="bbox 222 898 2252 1002; baseline 0.001 -28"><span class='ocrx_word' id='word_1_48' title='bbox 222 906 456 1001; x_wconf 74' lang='lat' dir='ltr'>judicio</span> <span class='ocrx_word' id='word_1_49' title='bbox 473 907 705 987; x_wconf 79' lang='lat' dir='ltr'>animi,</span> <span class='ocrx_word' id='word_1_50' title='bbox 749 904 855 976; x_wconf 84' lang='lat' dir='ltr'>sed</span> <span class='ocrx_word' id='word_1_51' title='bbox 871 905 1119 1002; x_wconf 75' lang='lat' dir='ltr'>impetu</span> <span class='ocrx_word' id='word_1_52' title='bbox 1136 913 1203 978; x_wconf 84' lang='lat'>&amp;</span> <span class='ocrx_word' id='word_1_53' title='bbox 1226 905 1426 977; x_wconf 85' lang='lat' dir='ltr'>veluti</span> <span class='ocrx_word' id='word_1_54' title='bbox 1447 898 1699 976; x_wconf 80' lang='lat' dir='ltr'>fortuna</span> <span class='ocrx_word' id='word_1_55' title='bbox 1718 951 1742 989; x_wconf 89' lang='lat'><strong>,</strong></span> <span class='ocrx_word' id='word_1_56' title='bbox 1774 926 2015 977; x_wconf 83' lang='lat' dir='ltr'><strong>tantam</strong></span> <span class='ocrx_word' id='word_1_57' title='bbox 2035 929 2252 976; x_wconf 85' lang='lat' dir='ltr'>rerum</span> 
     </span>
    </p>

    <p class='ocr_par' dir='ltr' id='par_1_8' title="bbox 230 1003 2248 1105">
     <span class='ocr_line' id='line_1_8' title="bbox 230 1003 2248 1105; baseline 0 -31"><span class='ocrx_word' id='word_1_58' title='bbox 230 1005 510 1101; x_wconf 81' lang='lat' dir='ltr'>copiam,</span> <span class='ocrx_word' id='word_1_59' title='bbox 553 1030 624 1078; x_wconf 84' lang='lat' dir='ltr'>ac</span> <span class='ocrx_word' id='word_1_60' title='bbox 658 1004 1043 1105; x_wconf 82' lang='lat' dir='ltr'>indigestam</span> <span class='ocrx_word' id='word_1_61' title='bbox 1076 1004 1473 1076; x_wconf 81' lang='lat' dir='ltr'>venustatem</span> <span class='ocrx_word' id='word_1_62' title='bbox 1511 1003 1589 1074; x_wconf 82' lang='lat' dir='ltr'>ab</span> <span class='ocrx_word' id='word_1_63' title='bbox 1612 1005 1692 1074; x_wconf 80' lang='lat' dir='ltr'>iis</span> <span class='ocrx_word' id='word_1_64' title='bbox 1716 1004 2016 1102; x_wconf 81' lang='lat' dir='ltr'>produci:</span> <span class='ocrx_word' id='word_1_65' title='bbox 2072 1003 2248 1104; x_wconf 87' lang='lat' dir='ltr'>quod</span> 
     </span>
    </p>

    <p class='ocr_par' dir='ltr' id='par_1_9' title="bbox 231 1101 2252 1206">
     <span class='ocr_line' id='line_1_9' title="bbox 231 1101 2252 1206; baseline 0 -33"><span class='ocrx_word' id='word_1_66' title='bbox 231 1106 488 1175; x_wconf 86' lang='lat' dir='ltr'>omnino</span> <span class='ocrx_word' id='word_1_67' title='bbox 501 1152 523 1186; x_wconf 88' lang='lat'>,</span> <span class='ocrx_word' id='word_1_68' title='bbox 544 1107 624 1177; x_wconf 87' lang='lat' dir='ltr'>de</span> <span class='ocrx_word' id='word_1_69' title='bbox 643 1128 1020 1206; x_wconf 81' lang='lat' dir='ltr'>quacunque</span> <span class='ocrx_word' id='word_1_70' title='bbox 1036 1130 1104 1177; x_wconf 84' lang='lat' dir='ltr'>re</span> <span class='ocrx_word' id='word_1_71' title='bbox 1121 1101 1490 1176; x_wconf 83' lang='lat' dir='ltr'>sermonem</span> <span class='ocrx_word' id='word_1_72' title='bbox 1514 1104 1904 1176; x_wconf 87' lang='lat' dir='ltr'>instituerint</span> <span class='ocrx_word' id='word_1_73' title='bbox 1926 1153 1949 1189; x_wconf 89' lang='lat'><strong>‚</strong></span> <span class='ocrx_word' id='word_1_74' title='bbox 1989 1105 2096 1175; x_wconf 79' lang='lat' dir='ltr'>ina</span> <span class='ocrx_word' id='word_1_75' title='bbox 2115 1103 2252 1200; x_wconf 79' lang='lat' dir='ltr'>pari</span> 
     </span>
    </p>

    <p class='ocr_par' dir='ltr' id='par_1_10' title="bbox 221 1199 2249 1301">
     <span class='ocr_line' id='line_1_10' title="bbox 221 1199 2249 1301; baseline 0 -28"><span class='ocrx_word' id='word_1_76' title='bbox 221 1202 497 1275; x_wconf 84' lang='lat' dir='ltr'>ubertate</span> <span class='ocrx_word' id='word_1_77' title='bbox 529 1204 678 1278; x_wconf 87' lang='lat' dir='ltr'>huic</span> <span class='ocrx_word' id='word_1_78' title='bbox 714 1205 1052 1279; x_wconf 84' lang='lat' dir='ltr'>verborum</span> <span class='ocrx_word' id='word_1_79' title='bbox 1085 1212 1152 1277; x_wconf 77' lang='grc' dir='ltr'>δι</span> <span class='ocrx_word' id='word_1_80' title='bbox 1191 1203 1649 1277; x_wconf 86' lang='lat' dir='ltr'>sententiarum</span> <span class='ocrx_word' id='word_1_81' title='bbox 1674 1228 1930 1301; x_wconf 83' lang='lat' dir='ltr'>pompae</span> <span class='ocrx_word' id='word_1_82' title='bbox 1949 1199 2249 1276; x_wconf 83' lang='lat' dir='ltr'>sufficiet.</span> 
     </span>
    </p>

    <p class='ocr_par' dir='ltr' id='par_1_11' title="bbox 218 1300 2253 1406">
     <span class='ocr_line' id='line_1_11' title="bbox 218 1300 2253 1406; baseline -0.003 -28"><span class='ocrx_word' id='word_1_83' title='bbox 218 1308 310 1378; x_wconf 83' lang='lat' dir='ltr'>Ut</span> <span class='ocrx_word' id='word_1_84' title='bbox 340 1323 498 1375; x_wconf 76' lang='lat' dir='ltr'>vero</span> <span class='ocrx_word' id='word_1_85' title='bbox 529 1306 773 1406; x_wconf 79' lang='lat' dir='ltr'>aliquid</span> <span class='ocrx_word' id='word_1_86' title='bbox 794 1306 1106 1377; x_wconf 85' lang='lat' dir='ltr'>memoria</span> <span class='ocrx_word' id='word_1_87' title='bbox 1123 1307 1190 1374; x_wconf 88' lang='lat' dir='ltr'>in</span> <span class='ocrx_word' id='word_1_88' title='bbox 1208 1300 1348 1401; x_wconf 85' lang='lat' dir='ltr'>ipso</span> <span class='ocrx_word' id='word_1_89' title='bbox 1364 1304 1676 1374; x_wconf 81' lang='lat' dir='ltr'>orationis</span> <span class='ocrx_word' id='word_1_90' title='bbox 1700 1302 1875 1374; x_wconf 86' lang='lat' dir='ltr'>cursu</span> <span class='ocrx_word' id='word_1_91' title='bbox 1888 1301 2253 1396; x_wconf 86' lang='lat' dir='ltr'>subjecerit,</span> 
     </span>
    </p>

    <p class='ocr_par' dir='ltr' id='par_1_12' title="bbox 206 1400 2254 1794">
     <span class='ocr_line' id='line_1_12' title="bbox 216 1400 2254 1501; baseline 0 -28"><span class='ocrx_word' id='word_1_92' title='bbox 216 1401 290 1473; x_wconf 79' lang='lat' dir='ltr'>ad</span> <span class='ocrx_word' id='word_1_93' title='bbox 310 1400 436 1474; x_wconf 87' lang='lat' dir='ltr'>boc</span> <span class='ocrx_word' id='word_1_94' title='bbox 455 1404 642 1474; x_wconf 72' lang='lat' dir='ltr'>illico</span> <span class='ocrx_word' id='word_1_95' title='bbox 657 1405 982 1478; x_wconf 86' lang='lat' dir='ltr'>divertunt</span> <span class='ocrx_word' id='word_1_96' title='bbox 1004 1452 1026 1487; x_wconf 86' lang='lat'>,</span> <span class='ocrx_word' id='word_1_97' title='bbox 1063 1402 1214 1474; x_wconf 80' lang='lat' dir='ltr'>inde</span> <span class='ocrx_word' id='word_1_98' title='bbox 1235 1422 1365 1501; x_wconf 89' lang='lat' dir='ltr'>quo</span> <span class='ocrx_word' id='word_1_99' title='bbox 1417 1425 1495 1472; x_wconf 89' lang='lat' dir='ltr'>ue</span> <span class='ocrx_word' id='word_1_100' title='bbox 1513 1403 1580 1472; x_wconf 92' lang='lat' dir='ltr'>in</span> <span class='ocrx_word' id='word_1_101' title='bbox 1600 1403 1785 1476; x_wconf 82' lang='lat' dir='ltr'>aliam</span> <span class='ocrx_word' id='word_1_102' title='bbox 1806 1451 1830 1485; x_wconf 86' lang='lat'><strong>,</strong></span> <span class='ocrx_word' id='word_1_103' title='bbox 1871 1422 1947 1473; x_wconf 89' lang='lat' dir='ltr'>ut</span> <span class='ocrx_word' id='word_1_104' title='bbox 1965 1400 2132 1475; x_wconf 86' lang='lat' dir='ltr'>forte</span> <span class='ocrx_word' id='word_1_105' title='bbox 2148 1403 2254 1474; x_wconf 90' lang='lat' dir='ltr'>in·-</span> 
     </span>
     <span class='ocr_line' id='line_1_13' title="bbox 210 1428 2253 1600; baseline 0.001 -27"><span class='ocrx_word' id='word_1_106' title='bbox 210 1500 463 1581; x_wconf 86' lang='lat' dir='ltr'>ciderit,</span> <span class='ocrx_word' id='word_1_107' title='bbox 483 1513 735 1598; x_wconf 82' lang='lat' dir='ltr'>partem</span> <span class='ocrx_word' id='word_1_108' title='bbox 755 1531 776 1573; x_wconf 72' lang='grc' dir='ltr'>ι</span> <span class='ocrx_word' id='word_1_109' title='bbox 829 1504 1220 1599; x_wconf 80' lang='lat' dir='ltr'>tandemque</span> <span class='ocrx_word' id='word_1_110' title='bbox 1241 1526 1356 1596; x_wconf 88' lang='lat' dir='ltr'>per</span> <span class='ocrx_word' id='word_1_111' title='bbox 1369 1428 1613 1572; x_wconf 48' lang='lat' dir='ltr'>aiversa</span> <span class='ocrx_word' id='word_1_112' title='bbox 1634 1504 1842 1600; x_wconf 85' lang='lat' dir='ltr'>capita</span> <span class='ocrx_word' id='word_1_113' title='bbox 1861 1500 2093 1584; x_wconf 72' lang='lat' dir='ltr'>diffusi,</span> <span class='ocrx_word' id='word_1_114' title='bbox 2113 1526 2253 1575; x_wconf 85' lang='lat' dir='ltr'>non</span> 
     </span>
     <span class='ocr_line' id='line_1_14' title="bbox 206 1595 2253 1713; baseline 0.002 -44"><span class='ocrx_word' id='word_1_115' title='bbox 206 1595 372 1713; x_wconf 71' lang='lat' dir='ltr'>saepe</span> <span class='ocrx_word' id='word_1_116' title='bbox 401 1600 681 1698; x_wconf 83' lang='lat' dir='ltr'>originis</span> <span class='ocrx_word' id='word_1_117' title='bbox 715 1603 1192 1681; x_wconf 59' lang='lat' dir='ltr'>meminerunt,</span> <span class='ocrx_word' id='word_1_118' title='bbox 1240 1602 1408 1671; x_wconf 89' lang='lat' dir='ltr'>unde</span> <span class='ocrx_word' id='word_1_119' title='bbox 1451 1597 1767 1676; x_wconf 79' lang='lat' dir='ltr'>universus</span> <span class='ocrx_word' id='word_1_120' title='bbox 1801 1601 2011 1675; x_wconf 85' lang='lat' dir='ltr'>sermo</span> <span class='ocrx_word' id='word_1_121' title='bbox 2045 1599 2253 1675; x_wconf 86' lang='lat' dir='ltr'>deflu-</span> 
     </span>
     <span class='ocr_line' id='line_1_15' title="bbox 213 1705 1272 1794; baseline -0.003 -25"><span class='ocrx_word' id='word_1_122' title='bbox 213 1714 456 1794; x_wconf 60' lang='lat' dir='ltr'>xerat.⁸</span> <span class='ocrx_word' id='word_1_123' title='bbox 573 1713 582 1719; x_wconf 84' lang='grc'>’</span> <span class='ocrx_word' id='word_1_124' title='bbox 945 1705 1150 1750; x_wconf 60' lang='lat' dir='ltr'><em>V</em></span> <span class='ocrx_word' id='word_1_125' title='bbox 1271 1743 1272 1746; x_wconf 55' lang='lat'><em>=</em></span> 
     </span>
    </p>

    <p class='ocr_par' dir='ltr' id='par_1_13' title="bbox 196 1795 2260 2299">
     <span class='ocr_line' id='line_1_16' title="bbox 311 1795 2260 1898; baseline 0 -28"><span class='ocrx_word' id='word_1_126' title='bbox 311 1800 500 1895; x_wconf 84' lang='lat' dir='ltr'>Ergo</span> <span class='ocrx_word' id='word_1_127' title='bbox 517 1795 623 1870; x_wconf 83' lang='lat' dir='ltr'>isti</span> <span class='ocrx_word' id='word_1_128' title='bbox 646 1799 820 1898; x_wconf 76' lang='lat' dir='ltr'>vagis</span> <span class='ocrx_word' id='word_1_129' title='bbox 845 1800 1073 1872; x_wconf 83' lang='lat' dir='ltr'>animis</span> <span class='ocrx_word' id='word_1_130' title='bbox 1092 1844 1114 1878; x_wconf 70' lang='lat'><em>2</em></span> <span class='ocrx_word' id='word_1_131' title='bbox 1140 1815 1258 1870; x_wconf 88' lang='lat' dir='ltr'>nec</span> <span class='ocrx_word' id='word_1_132' title='bbox 1281 1799 1352 1869; x_wconf 91' lang='lat' dir='ltr'>in</span> <span class='ocrx_word' id='word_1_133' title='bbox 1376 1821 1620 1873; x_wconf 82' lang='lat' dir='ltr'>certam</span> <span class='ocrx_word' id='word_1_134' title='bbox 1641 1824 1776 1874; x_wconf 87' lang='lat' dir='ltr'>rem</span> <span class='ocrx_word' id='word_1_135' title='bbox 1793 1798 2104 1888; x_wconf 82' lang='lat' dir='ltr'>definitis,</span> <span class='ocrx_word' id='word_1_136' title='bbox 2120 1822 2260 1871; x_wconf 89' lang='lat' dir='ltr'>non</span> 
     </span>
     <span class='ocr_line' id='line_1_17' title="bbox 202 1892 2260 1997; baseline 0 -26"><span class='ocrx_word' id='word_1_137' title='bbox 202 1892 522 1972; x_wconf 81' lang='lat' dir='ltr'>summam</span> <span class='ocrx_word' id='word_1_138' title='bbox 543 1898 751 1970; x_wconf 87' lang='lat' dir='ltr'>modo</span> <span class='ocrx_word' id='word_1_139' title='bbox 769 1901 943 1973; x_wconf 86' lang='lat' dir='ltr'>illam</span> <span class='ocrx_word' id='word_1_140' title='bbox 961 1950 986 1984; x_wconf 90' lang='lat'>‚</span> <span class='ocrx_word' id='word_1_141' title='bbox 1024 1897 1130 1972; x_wconf 86' lang='lat' dir='ltr'>sed</span> <span class='ocrx_word' id='word_1_142' title='bbox 1150 1905 1217 1970; x_wconf 86' lang='lat'>&amp;</span> <span class='ocrx_word' id='word_1_143' title='bbox 1241 1902 1571 1997; x_wconf 85' lang='lat' dir='ltr'>vulgarem</span> <span class='ocrx_word' id='word_1_144' title='bbox 1591 1902 1762 1972; x_wconf 88' lang='lat' dir='ltr'>inter</span> <span class='ocrx_word' id='word_1_145' title='bbox 1778 1904 2082 1973; x_wconf 81' lang='lat' dir='ltr'>mortales</span> <span class='ocrx_word' id='word_1_146' title='bbox 2105 1921 2260 1997; x_wconf 87' lang='lat' dir='ltr'>pru-</span> 
     </span>
     <span class='ocr_line' id='line_1_18' title="bbox 200 1996 2260 2102; baseline -0.001 -33"><span class='ocrx_word' id='word_1_147' title='bbox 200 1996 520 2077; x_wconf 74' lang='lat' dir='ltr'>dentiam,</span> <span class='ocrx_word' id='word_1_148' title='bbox 543 1999 923 2097; x_wconf 77' lang='lat' dir='ltr'>plerumque</span> <span class='ocrx_word' id='word_1_149' title='bbox 939 2024 1074 2072; x_wconf 90' lang='lat' dir='ltr'>non</span> <span class='ocrx_word' id='word_1_150' title='bbox 1093 1998 1335 2071; x_wconf 83' lang='lat' dir='ltr'>vident.</span> <span class='ocrx_word' id='word_1_151' title='bbox 1384 2000 1674 2089; x_wconf 78' lang='lat' dir='ltr'>Qidam</span> <span class='ocrx_word' id='word_1_152' title='bbox 1696 1997 1787 2072; x_wconf 88' lang='lat' dir='ltr'>sui</span> <span class='ocrx_word' id='word_1_153' title='bbox 1810 2000 1999 2102; x_wconf 71' lang='lat' dir='ltr'>ipsius</span> <span class='ocrx_word' id='word_1_154' title='bbox 2016 2002 2260 2073; x_wconf 88' lang='lat' dir='ltr'>immo-</span> 
     </span>
     <span class='ocr_line' id='line_1_19' title="bbox 198 2096 2252 2197; baseline 0 -29"><span class='ocrx_word' id='word_1_155' title='bbox 198 2096 330 2168; x_wconf 87' lang='lat' dir='ltr'>dici</span> <span class='ocrx_word' id='word_1_156' title='bbox 350 2097 708 2168; x_wconf 82' lang='lat' dir='ltr'>laudatores</span> <span class='ocrx_word' id='word_1_157' title='bbox 727 2144 751 2179; x_wconf 88' lang='lat'><strong>,</strong></span> <span class='ocrx_word' id='word_1_158' title='bbox 792 2099 899 2169; x_wconf 84' lang='lat' dir='ltr'>alii</span> <span class='ocrx_word' id='word_1_159' title='bbox 918 2123 1038 2169; x_wconf 90' lang='lat' dir='ltr'>nec</span> <span class='ocrx_word' id='word_1_160' title='bbox 1061 2098 1344 2178; x_wconf 84' lang='lat' dir='ltr'>amicos,</span> <span class='ocrx_word' id='word_1_161' title='bbox 1393 2122 1515 2169; x_wconf 90' lang='lat' dir='ltr'>nec</span> <span class='ocrx_word' id='word_1_162' title='bbox 1535 2098 1599 2170; x_wconf 88' lang='lat' dir='ltr'>se</span> <span class='ocrx_word' id='word_1_163' title='bbox 1617 2099 1785 2197; x_wconf 86' lang='lat' dir='ltr'>ipsos</span> <span class='ocrx_word' id='word_1_164' title='bbox 1806 2104 1886 2172; x_wconf 85' lang='lat' dir='ltr'>iis</span> <span class='ocrx_word' id='word_1_165' title='bbox 1903 2099 2136 2175; x_wconf 84' lang='lat' dir='ltr'>officiis</span> <span class='ocrx_word' id='word_1_166' title='bbox 2153 2097 2252 2191; x_wconf 90' lang='lat' dir='ltr'>ju-</span> 
     </span>
     <span class='ocr_line' id='line_1_20' title="bbox 196 2193 2246 2299; baseline -0.003 -27"><span class='ocrx_word' id='word_1_167' title='bbox 196 2214 422 2272; x_wconf 77' lang='lat' dir='ltr'>vantes</span> <span class='ocrx_word' id='word_1_168' title='bbox 445 2243 469 2280; x_wconf 89' lang='lat'>,</span> <span class='ocrx_word' id='word_1_169' title='bbox 488 2197 558 2269; x_wconf 92' lang='lat' dir='ltr'>in</span> <span class='ocrx_word' id='word_1_170' title='bbox 576 2196 802 2299; x_wconf 88' lang='lat' dir='ltr'>quibus</span> <span class='ocrx_word' id='word_1_171' title='bbox 835 2197 1080 2271; x_wconf 86' lang='lat' dir='ltr'>sedulus</span> <span class='ocrx_word' id='word_1_172' title='bbox 1100 2193 1281 2268; x_wconf 80' lang='lat' dir='ltr'>labor</span> <span class='ocrx_word' id='word_1_173' title='bbox 1298 2244 1320 2278; x_wconf 88' lang='lat'>,</span> <span class='ocrx_word' id='word_1_174' title='bbox 1357 2197 1598 2297; x_wconf 30' lang='lat' dir='ltr'>‚unique</span> <span class='ocrx_word' id='word_1_175' title='bbox 1612 2203 1889 2298; x_wconf 83' lang='lat' dir='ltr'>negotio</span> <span class='ocrx_word' id='word_1_176' title='bbox 1905 2200 2246 2281; x_wconf 71' lang='lat' dir='ltr'>inhaerens,</span> 
     </span>
    </p>

    <p class='ocr_par' dir='ltr' id='par_1_14' title="bbox 189 2295 2259 3794">
     <span class='ocr_line' id='line_1_21' title="bbox 196 2295 2248 2397; baseline -0.001 -29"><span class='ocrx_word' id='word_1_177' title='bbox 196 2296 507 2394; x_wconf 72' lang='lat' dir='ltr'>aptandus</span> <span class='ocrx_word' id='word_1_178' title='bbox 523 2295 664 2390; x_wconf 76' lang='lat' dir='ltr'>est3</span> <span class='ocrx_word' id='word_1_179' title='bbox 713 2299 886 2373; x_wconf 82' lang='lat' dir='ltr'>leves</span> <span class='ocrx_word' id='word_1_180' title='bbox 976 2299 1219 2394; x_wconf 78' lang='lat' dir='ltr'>letique</span> <span class='ocrx_word' id='word_1_181' title='bbox 1240 2341 1262 2378; x_wconf 86' lang='lat'>‚</span> <span class='ocrx_word' id='word_1_182' title='bbox 1306 2301 1375 2368; x_wconf 88' lang='lat'>&amp;</span> <span class='ocrx_word' id='word_1_183' title='bbox 1413 2320 1483 2369; x_wconf 86' lang='lat' dir='ltr'>ut</span> <span class='ocrx_word' id='word_1_184' title='bbox 1518 2300 1737 2395; x_wconf 80' lang='lat' dir='ltr'>paffim</span> <span class='ocrx_word' id='word_1_185' title='bbox 1756 2297 2248 2397; x_wconf 79' lang='lat' dir='ltr'>provolantibus</span> 
     </span>
     <span class='ocr_line' id='line_1_22' title="bbox 196 2394 2248 2497; baseline -0.001 -28"><span class='ocrx_word' id='word_1_186' title='bbox 196 2394 381 2469; x_wconf 81' lang='lat' dir='ltr'>rebus</span> <span class='ocrx_word' id='word_1_187' title='bbox 400 2398 559 2469; x_wconf 83' lang='lat' dir='ltr'>varii</span> <span class='ocrx_word' id='word_1_188' title='bbox 575 2447 600 2484; x_wconf 90' lang='lat'>,</span> <span class='ocrx_word' id='word_1_189' title='bbox 616 2400 706 2471; x_wconf 80' lang='lat' dir='ltr'>ita</span> <span class='ocrx_word' id='word_1_190' title='bbox 727 2422 844 2469; x_wconf 87' lang='lat' dir='ltr'>nec</span> <span class='ocrx_word' id='word_1_191' title='bbox 866 2399 907 2473; x_wconf 54' lang='lat' dir='ltr'><strong>a</strong></span> <span class='ocrx_word' id='word_1_192' title='bbox 947 2399 1256 2489; x_wconf 83' lang='lat' dir='ltr'>ententiis</span> <span class='ocrx_word' id='word_1_193' title='bbox 1271 2452 1290 2477; x_wconf 92' lang='lat'>‚</span> <span class='ocrx_word' id='word_1_194' title='bbox 1324 2416 1482 2497; x_wconf 75' lang='lat' dir='ltr'>quas</span> <span class='ocrx_word' id='word_1_195' title='bbox 1504 2399 1799 2471; x_wconf 81' lang='lat' dir='ltr'>videntur</span> <span class='ocrx_word' id='word_1_196' title='bbox 1818 2397 2108 2472; x_wconf 78' lang='lat' dir='ltr'>imbuifl‘e</span> <span class='ocrx_word' id='word_1_197' title='bbox 2129 2456 2150 2483; x_wconf 96' lang='lat'><em>,</em></span> <span class='ocrx_word' id='word_1_198' title='bbox 2175 2398 2248 2467; x_wconf 88' lang='lat' dir='ltr'>in</span> 
     </span>
     <span class='ocr_line' id='line_1_23' title="bbox 191 2494 2252 2595; baseline -0.001 -27"><span class='ocrx_word' id='word_1_199' title='bbox 191 2496 349 2568; x_wconf 74' lang='lat' dir='ltr'>alias</span> <span class='ocrx_word' id='word_1_200' title='bbox 368 2498 640 2569; x_wconf 64' lang='lat' dir='ltr'>transire</span> <span class='ocrx_word' id='word_1_201' title='bbox 664 2495 984 2573; x_wconf 83' lang='lat' dir='ltr'>difficiles.</span> <span class='ocrx_word' id='word_1_202' title='bbox 1038 2499 1310 2572; x_wconf 85' lang='lat' dir='ltr'>Tamen</span> <span class='ocrx_word' id='word_1_203' title='bbox 1333 2542 1354 2578; x_wconf 87' lang='lat'>,</span> <span class='ocrx_word' id='word_1_204' title='bbox 1375 2518 1447 2567; x_wconf 69' lang='lat' dir='ltr'>ut</span> <span class='ocrx_word' id='word_1_205' title='bbox 1466 2501 1815 2570; x_wconf 79' lang='lat' dir='ltr'>maximam</span> <span class='ocrx_word' id='word_1_206' title='bbox 1839 2499 2118 2595; x_wconf 82' lang='lat' dir='ltr'>speciem</span> <span class='ocrx_word' id='word_1_207' title='bbox 2138 2494 2252 2564; x_wconf 81' lang='lat' dir='ltr'>ba-</span> 
     </span>
     <span class='ocr_line' id='line_1_24' title="bbox 195 2594 2256 2697; baseline -0.003 -31"><span class='ocrx_word' id='word_1_208' title='bbox 195 2594 362 2666; x_wconf 79' lang='lat' dir='ltr'>bent</span> <span class='ocrx_word' id='word_1_209' title='bbox 378 2596 825 2669; x_wconf 79' lang='lat' dir='ltr'>cultaeindolis</span> <span class='ocrx_word' id='word_1_210' title='bbox 841 2644 864 2677; x_wconf 86' lang='lat'><strong>‚</strong></span> <span class='ocrx_word' id='word_1_211' title='bbox 899 2607 966 2672; x_wconf 78' lang='grc' dir='ltr'>δι</span> <span class='ocrx_word' id='word_1_212' title='bbox 991 2623 1104 2697; x_wconf 87' lang='lat' dir='ltr'>per</span> <span class='ocrx_word' id='word_1_213' title='bbox 1116 2620 1349 2670; x_wconf 83' lang='lat' dir='ltr'>omnes</span> <span class='ocrx_word' id='word_1_214' title='bbox 1366 2594 1661 2669; x_wconf 84' lang='lat' dir='ltr'>scientias</span> <span class='ocrx_word' id='word_1_215' title='bbox 1685 2598 2005 2669; x_wconf 74' lang='lat' dir='ltr'>adornatae</span> <span class='ocrx_word' id='word_1_216' title='bbox 2026 2645 2053 2681; x_wconf 83' lang='lat'>,</span> <span class='ocrx_word' id='word_1_217' title='bbox 2104 2594 2256 2690; x_wconf 89' lang='lat' dir='ltr'>ple-</span> 
     </span>
     <span class='ocr_line' id='line_1_25' title="bbox 207 2684 2248 2796; baseline -0.002 -31"><span class='ocrx_word' id='word_1_218' title='bbox 207 2716 483 2793; x_wconf 77' lang='lat' dir='ltr'>rumque</span> <span class='ocrx_word' id='word_1_219' title='bbox 520 2695 601 2766; x_wconf 82' lang='lat' dir='ltr'>ad</span> <span class='ocrx_word' id='word_1_220' title='bbox 637 2721 772 2767; x_wconf 87' lang='lat' dir='ltr'>rem</span> <span class='ocrx_word' id='word_1_221' title='bbox 805 2703 872 2769; x_wconf 78' lang='grc' dir='ltr'>δι</span> <span class='ocrx_word' id='word_1_222' title='bbox 894 2694 1128 2770; x_wconf 83' lang='lat' dir='ltr'>famam</span> <span class='ocrx_word' id='word_1_223' title='bbox 1151 2712 1613 2796; x_wconf 76' lang='lat' dir='ltr'>promoventes</span> <span class='ocrx_word' id='word_1_224' title='bbox 1633 2688 1848 2768; x_wconf 84' lang='lat' dir='ltr'>debita</span> <span class='ocrx_word' id='word_1_225' title='bbox 1868 2697 1977 2768; x_wconf 90' lang='lat' dir='ltr'>uni</span> <span class='ocrx_word' id='word_1_226' title='bbox 1994 2684 2248 2790; x_wconf 82' lang='lat' dir='ltr'>sa&#39;pien-</span> 
     </span>
     <span class='ocr_line' id='line_1_26' title="bbox 203 2792 2242 2895; baseline -0.001 -31"><span class='ocrx_word' id='word_1_227' title='bbox 203 2794 318 2865; x_wconf 80' lang='lat' dir='ltr'>tiae</span> <span class='ocrx_word' id='word_1_228' title='bbox 351 2792 525 2865; x_wconf 81' lang='lat' dir='ltr'>bona</span> <span class='ocrx_word' id='word_1_229' title='bbox 553 2815 892 2895; x_wconf 84' lang='lat' dir='ltr'>occupant.</span> <span class='ocrx_word' id='word_1_230' title='bbox 947 2800 1236 2869; x_wconf 80' lang='lat' dir='ltr'>Maxime</span> <span class='ocrx_word' id='word_1_231' title='bbox 1260 2848 1285 2886; x_wconf 84' lang='lat'>,</span> <span class='ocrx_word' id='word_1_232' title='bbox 1303 2796 1348 2867; x_wconf 84' lang='lat' dir='ltr'>fi</span> <span class='ocrx_word' id='word_1_233' title='bbox 1367 2842 1390 2877; x_wconf 87' lang='lat'><strong>,</strong></span> <span class='ocrx_word' id='word_1_234' title='bbox 1412 2817 1482 2868; x_wconf 91' lang='lat' dir='ltr'>ut</span> <span class='ocrx_word' id='word_1_235' title='bbox 1500 2798 1633 2870; x_wconf 83' lang='lat' dir='ltr'>vim</span> <span class='ocrx_word' id='word_1_236' title='bbox 1652 2796 1823 2870; x_wconf 86' lang='lat' dir='ltr'>suam</span> <span class='ocrx_word' id='word_1_237' title='bbox 1842 2795 2242 2894; x_wconf 85' lang='lat' dir='ltr'>intelligunt,</span> 
     </span>
     <span class='ocr_line' id='line_1_27' title="bbox 201 2891 2246 2997; baseline -0.001 -32"><span class='ocrx_word' id='word_1_238' title='bbox 201 2891 299 2965; x_wconf 73' lang='lat' dir='ltr'>ita</span> <span class='ocrx_word' id='word_1_239' title='bbox 319 2899 384 2965; x_wconf 75' lang='grc' dir='ltr'>δι</span> <span class='ocrx_word' id='word_1_240' title='bbox 405 2896 561 2967; x_wconf 82' lang='lat' dir='ltr'>vitia</span> <span class='ocrx_word' id='word_1_241' title='bbox 581 2921 713 2969; x_wconf 89' lang='lat' dir='ltr'>non</span> <span class='ocrx_word' id='word_1_242' title='bbox 731 2898 749 2966; x_wconf 91' lang='lat' dir='ltr'>i</span> <span class='ocrx_word' id='word_1_243' title='bbox 801 2917 1032 2968; x_wconf 82' lang='lat' dir='ltr'>notent</span> <span class='ocrx_word' id='word_1_244' title='bbox 1047 2947 1072 2984; x_wconf 85' lang='lat'><strong>,</strong></span> <span class='ocrx_word' id='word_1_245' title='bbox 1089 2897 1417 2997; x_wconf 82' lang='lat' dir='ltr'>habilique</span> <span class='ocrx_word' id='word_1_246' title='bbox 1432 2899 1606 2969; x_wconf 83' lang='lat' dir='ltr'>velut</span> <span class='ocrx_word' id='word_1_247' title='bbox 1624 2894 1856 2969; x_wconf 68' lang='lat' dir='ltr'>fisco&#39;se</span> <span class='ocrx_word' id='word_1_248' title='bbox 1866 2916 2093 2997; x_wconf 83' lang='lat' dir='ltr'>tegant</span> <span class='ocrx_word' id='word_1_249' title='bbox 2112 2940 2136 2975; x_wconf 85' lang='lat'>‚</span> <span class='ocrx_word' id='word_1_250' title='bbox 2160 2916 2246 2965; x_wconf 84' lang='lat' dir='ltr'>ne</span> 
     </span>
     <span class='ocr_line' id='line_1_28' title="bbox 198 2922 2252 3096; baseline -0.001 -32"><span class='ocrx_word' id='word_1_251' title='bbox 198 2993 334 3075; x_wconf 88' lang='lat' dir='ltr'>cui,</span> <span class='ocrx_word' id='word_1_252' title='bbox 356 2990 585 3069; x_wconf 81' lang='lat' dir='ltr'>saltem</span> <span class='ocrx_word' id='word_1_253' title='bbox 607 2996 645 3071; x_wconf 80' lang='grc' dir='ltr'>ὲ</span> <span class='ocrx_word' id='word_1_254' title='bbox 672 2922 890 3096; x_wconf 52' lang='grc' dir='ltr'><strong>νυῗςο,</strong></span> <span class='ocrx_word' id='word_1_255' title='bbox 916 2994 991 3068; x_wconf 85' lang='lat' dir='ltr'>fit</span> <span class='ocrx_word' id='word_1_256' title='bbox 1011 2998 1218 3070; x_wconf 85' lang='lat' dir='ltr'>aditus</span> <span class='ocrx_word' id='word_1_257' title='bbox 1237 3000 1315 3070; x_wconf 88' lang='lat' dir='ltr'>ad</span> <span class='ocrx_word' id='word_1_258' title='bbox 1335 3023 1659 3071; x_wconf 79' lang='lat' dir='ltr'>naevorum</span> <span class='ocrx_word' id='word_1_259' title='bbox 1676 2997 1925 3069; x_wconf 85' lang='lat' dir='ltr'>suorum</span> <span class='ocrx_word' id='word_1_260' title='bbox 1946 3016 2252 3067; x_wconf 81' lang='lat' dir='ltr'>contem-</span> 
     </span>
     <span class='ocr_line' id='line_1_29' title="bbox 197 3093 2248 3197; baseline -0.003 -33"><span class='ocrx_word' id='word_1_261' title='bbox 197 3093 584 3189; x_wconf 72' lang='lat' dir='ltr'>piationem.</span> <span class='ocrx_word' id='word_1_262' title='bbox 631 3096 712 3169; x_wconf 88' lang='lat' dir='ltr'>Id</span> <span class='ocrx_word' id='word_1_263' title='bbox 730 3119 941 3169; x_wconf 84' lang='lat' dir='ltr'>autem</span> <span class='ocrx_word' id='word_1_264' title='bbox 961 3096 1360 3196; x_wconf 84' lang='lat' dir='ltr'>potiffimum</span> <span class='ocrx_word' id='word_1_265' title='bbox 1383 3095 1800 3197; x_wconf 72' lang='lat' dir='ltr'>assequentur,</span> <span class='ocrx_word' id='word_1_266' title='bbox 1822 3097 1866 3168; x_wconf 79' lang='lat' dir='ltr'>fi</span> <span class='ocrx_word' id='word_1_267' title='bbox 1887 3099 1953 3166; x_wconf 88' lang='lat' dir='ltr'>in</span> <span class='ocrx_word' id='word_1_268' title='bbox 1971 3096 2248 3190; x_wconf 87' lang='lat' dir='ltr'>loquen-</span> 
     </span>
     <span class='ocr_line' id='line_1_30' title="bbox 202 3190 2246 3296; baseline -0.003 -33"><span class='ocrx_word' id='word_1_269' title='bbox 202 3191 426 3265; x_wconf 81' lang='lat' dir='ltr'>dofibi</span> <span class='ocrx_word' id='word_1_270' title='bbox 439 3197 758 3293; x_wconf 83' lang='lat' dir='ltr'>imperent</span> <span class='ocrx_word' id='word_1_271' title='bbox 777 3244 798 3283; x_wconf 85' lang='lat'>,</span> <span class='ocrx_word' id='word_1_272' title='bbox 819 3221 1028 3296; x_wconf 86' lang='lat' dir='ltr'>neque</span> <span class='ocrx_word' id='word_1_273' title='bbox 1048 3196 1253 3269; x_wconf 78' lang='lat' dir='ltr'>sinant</span> <span class='ocrx_word' id='word_1_274' title='bbox 1276 3200 1525 3295; x_wconf 80' lang='lat' dir='ltr'>evagari</span> <span class='ocrx_word' id='word_1_275' title='bbox 1546 3196 1819 3267; x_wconf 81' lang='lat' dir='ltr'>subditas</span> <span class='ocrx_word' id='word_1_276' title='bbox 1837 3190 2246 3290; x_wconf 81' lang='lat' dir='ltr'>cupiditates,</span> 
     </span>
     <span class='ocr_line' id='line_1_31' title="bbox 204 3289 2249 3395; baseline -0.003 -32"><span class='ocrx_word' id='word_1_277' title='bbox 204 3297 284 3364; x_wconf 68' lang='grc' dir='ltr'>δε</span> <span class='ocrx_word' id='word_1_278' title='bbox 306 3338 331 3376; x_wconf 82' lang='lat'>,</span> <span class='ocrx_word' id='word_1_279' title='bbox 369 3298 668 3390; x_wconf 81' lang='lat' dir='ltr'>quoniam</span> <span class='ocrx_word' id='word_1_280' title='bbox 706 3318 776 3368; x_wconf 89' lang='lat' dir='ltr'>ut</span> <span class='ocrx_word' id='word_1_281' title='bbox 792 3296 1122 3395; x_wconf 79' lang='lat' dir='ltr'>aptissimo</span> <span class='ocrx_word' id='word_1_282' title='bbox 1141 3297 1220 3369; x_wconf 87' lang='lat' dir='ltr'>ad</span> <span class='ocrx_word' id='word_1_283' title='bbox 1242 3299 1461 3367; x_wconf 83' lang='lat' dir='ltr'>omnia</span> <span class='ocrx_word' id='word_1_284' title='bbox 1476 3294 1935 3377; x_wconf 86' lang='lat' dir='ltr'>condimento,</span> <span class='ocrx_word' id='word_1_285' title='bbox 1989 3289 2079 3360; x_wconf 79' lang='lat' dir='ltr'>ita</span> <span class='ocrx_word' id='word_1_286' title='bbox 2103 3291 2249 3360; x_wconf 81' lang='lat' dir='ltr'>elo-</span> 
     </span>
     <span class='ocr_line' id='line_1_32' title="bbox 198 3390 2249 3490; baseline 0 -30"><span class='ocrx_word' id='word_1_287' title='bbox 198 3393 480 3490; x_wconf 68' lang='lat' dir='ltr'>quentia</span> <span class='ocrx_word' id='word_1_288' title='bbox 511 3397 730 3467; x_wconf 80' lang='lat' dir='ltr'>omnia</span> <span class='ocrx_word' id='word_1_289' title='bbox 751 3395 998 3467; x_wconf 75' lang='lat' dir='ltr'>auribus</span> <span class='ocrx_word' id='word_1_290' title='bbox 1021 3397 1450 3467; x_wconf 79' lang='lat' dir='ltr'>conciiiantur</span> <span class='ocrx_word' id='word_1_291' title='bbox 1468 3439 1490 3473; x_wconf 86' lang='lat'>,</span> <span class='ocrx_word' id='word_1_292' title='bbox 1525 3394 1734 3467; x_wconf 84' lang='lat' dir='ltr'>varios</span> <span class='ocrx_word' id='word_1_293' title='bbox 1757 3390 2078 3464; x_wconf 85' lang='lat' dir='ltr'>sermones</span> <span class='ocrx_word' id='word_1_294' title='bbox 2098 3411 2249 3462; x_wconf 84' lang='lat' dir='ltr'>cum</span> 
     </span>
     <span class='ocr_line' id='line_1_33' title="bbox 194 3490 2249 3591; baseline -0 -30"><span class='ocrx_word' id='word_1_295' title='bbox 194 3492 399 3565; x_wconf 81' lang='lat' dir='ltr'>variis</span> <span class='ocrx_word' id='word_1_296' title='bbox 435 3493 674 3564; x_wconf 79' lang='lat' dir='ltr'>callido</span> <span class='ocrx_word' id='word_1_297' title='bbox 706 3494 963 3568; x_wconf 85' lang='lat' dir='ltr'>deflexu</span> <span class='ocrx_word' id='word_1_298' title='bbox 998 3494 1376 3571; x_wconf 84' lang='lat' dir='ltr'>instituant,</span> <span class='ocrx_word' id='word_1_299' title='bbox 1417 3490 1790 3590; x_wconf 83' lang='lat' dir='ltr'>semperque</span> <span class='ocrx_word' id='word_1_300' title='bbox 1822 3494 1957 3584; x_wconf 86' lang='lat' dir='ltr'>ejus</span> <span class='ocrx_word' id='word_1_301' title='bbox 1992 3490 2249 3591; x_wconf 72' lang='lat' dir='ltr'>generis</span> 
     </span>
     <span class='ocr_line' id='line_1_34' title="bbox 189 3590 2254 3694; baseline -0.001 -33"><span class='ocrx_word' id='word_1_302' title='bbox 189 3614 340 3689; x_wconf 84' lang='lat' dir='ltr'>quo</span> <span class='ocrx_word' id='word_1_303' title='bbox 359 3592 759 3667; x_wconf 81' lang='lat' dir='ltr'>audientibus</span> <span class='ocrx_word' id='word_1_304' title='bbox 781 3590 1021 3694; x_wconf 81' lang='lat' dir='ltr'>poffint</span> <span class='ocrx_word' id='word_1_305' title='bbox 1042 3596 1415 3693; x_wconf 84' lang='lat' dir='ltr'>imponere:</span> <span class='ocrx_word' id='word_1_306' title='bbox 1441 3592 1739 3664; x_wconf 87' lang='lat' dir='ltr'>nimirum</span> <span class='ocrx_word' id='word_1_307' title='bbox 1761 3590 1926 3690; x_wconf 87' lang='lat' dir='ltr'>apud</span> <span class='ocrx_word' id='word_1_308' title='bbox 1946 3592 2254 3661; x_wconf 82' lang='lat' dir='ltr'>militares</span> 
     </span>
     <span class='ocr_line' id='line_1_35' title="bbox 190 3689 2259 3794; baseline -0.003 -30"><span class='ocrx_word' id='word_1_309' title='bbox 190 3690 409 3773; x_wconf 78' lang='lat' dir='ltr'>viros,</span> <span class='ocrx_word' id='word_1_310' title='bbox 431 3715 539 3764; x_wconf 78' lang='lat' dir='ltr'>aut</span> <span class='ocrx_word' id='word_1_311' title='bbox 560 3695 816 3794; x_wconf 83' lang='lat' dir='ltr'>ignaros</span> <span class='ocrx_word' id='word_1_312' title='bbox 837 3694 1164 3768; x_wconf 81' lang='lat' dir='ltr'>vetustatis</span> <span class='ocrx_word' id='word_1_313' title='bbox 1188 3738 1211 3774; x_wconf 86' lang='lat'>,</span> <span class='ocrx_word' id='word_1_314' title='bbox 1249 3691 1331 3762; x_wconf 85' lang='lat' dir='ltr'>de</span> <span class='ocrx_word' id='word_1_315' title='bbox 1351 3690 1589 3764; x_wconf 84' lang='lat' dir='ltr'>divinis</span> <span class='ocrx_word' id='word_1_316' title='bbox 1611 3689 1795 3763; x_wconf 81' lang='lat' dir='ltr'>rebus</span> <span class='ocrx_word' id='word_1_317' title='bbox 1813 3710 2001 3791; x_wconf 81' lang='lat' dir='ltr'>agant</span> <span class='ocrx_word' id='word_1_318' title='bbox 2023 3736 2044 3769; x_wconf 87' lang='lat'>‚</span> <span class='ocrx_word' id='word_1_319' title='bbox 2071 3689 2153 3761; x_wconf 86' lang='lat' dir='ltr'>de</span> <span class='ocrx_word' id='word_1_320' title='bbox 2171 3689 2259 3756; x_wconf 83' lang='lat' dir='ltr'>ri·</span> 
     </span>
    </p>
   </div>
   <div class='ocr_carea' id='block_1_3' title="bbox 182 3789 2255 3987">
    <p class='ocr_par' dir='ltr' id='par_1_15' title="bbox 182 3789 2255 3987">
     <span class='ocr_line' id='line_1_36' title="bbox 182 3789 2253 3897; baseline -0.002 -33"><span class='ocrx_word' id='word_1_321' title='bbox 182 3789 376 3866; x_wconf 73' lang='lat' dir='ltr'>tibus</span> <span class='ocrx_word' id='word_1_322' title='bbox 392 3796 808 3897; x_wconf 81' lang='lat' dir='ltr'>antiquorum</span> <span class='ocrx_word' id='word_1_323' title='bbox 832 3839 857 3881; x_wconf 72' lang='lat'>,</span> <span class='ocrx_word' id='word_1_324' title='bbox 890 3793 973 3869; x_wconf 84' lang='lat' dir='ltr'>de</span> <span class='ocrx_word' id='word_1_325' title='bbox 989 3795 1375 3894; x_wconf 82' lang='lat' dir='ltr'>populorum</span> <span class='ocrx_word' id='word_1_326' title='bbox 1396 3794 1819 3894; x_wconf 86' lang='lat' dir='ltr'>gentiumque</span> <span class='ocrx_word' id='word_1_327' title='bbox 1836 3793 2130 3892; x_wconf 69' lang='lat' dir='ltr'>origine3</span> <span class='ocrx_word' id='word_1_328' title='bbox 2182 3791 2253 3855; x_wconf 76' lang='grc' dir='ltr'>δε</span> 
     </span>
     <span class='ocr_line' id='line_1_37' title="bbox 1292 3880 2255 3987; baseline 0.005 -35"><span class='ocrx_word' id='word_1_329' title='bbox 1292 3894 1367 3967; x_wconf 81' lang='lat' dir='ltr'>H</span> <span class='ocrx_word' id='word_1_330' title='bbox 1385 3888 1430 3962; x_wconf 88' lang='lat' dir='ltr'>h</span> <span class='ocrx_word' id='word_1_331' title='bbox 1482 3915 1527 3967; x_wconf 84' lang='lat'><em>2</em></span> <span class='ocrx_word' id='word_1_332' title='bbox 2034 3888 2078 3958; x_wconf 81' lang='lat' dir='ltr'><strong>fi</strong></span> <span class='ocrx_word' id='word_1_333' title='bbox 2096 3880 2255 3987; x_wconf 74' lang='lat' dir='ltr'>quid</span> 
     </span>
    </p>
   </div>
  </div>
 </body>
</html>
