2738 4475
383 271 532 384 316
879 271 1393 346 Euvnortlw.
1450 272 1943 348 Sar-nuci

383 416 745 474 creverunt.
769 393 953 471 Nam
976 395 1152 494 quod
1165 394 1264 467 his
1282 390 1507 467 seculis
1529 381 1988 471 virtutsstabile
2005 397 2126 470 iter
2141 397 2220 471 ad
2233 396 2441 498 opes}

389 502 512 579 nisi
548 502 679 593 jam
715 496 1089 595 opulentae?
1123 517 1229 567 aut
1248 496 1390 595 quis
1407 493 1483 566 ad
1505 521 1869 595 magnarum
1890 499 2274 599 dignitatum
2295 503 2436 570 cul-

390 603 574 675 mina
588 646 613 680 ,
648 594 764 667 nifi
781 595 1055 694 quadam
1076 591 1246 667 sorte
1266 596 1557 693 pervenit
1578 600 1608 664 ἓ
1648 621 1719 667 ac
1736 617 1803 668 ut
1822 623 2015 670 nemo
2032 596 2148 669 nili
2165 597 2430 698 dignus,

284 713 287 717 “
390 720 501 772 aut
521 693 883 771 divitiarum
902 694 1181 793 potiatur
1200 716 1306 766 aut
1325 694 1645 766 bonorum
1659 750 1684 780 ‚
1716 696 2138 770 ¹nihilomirmr»
2159 722 2323 796 opus
2341 698 2444 771 est

385 795 667 873 fortunae
688 789 894 895 regno
911 842 935 876 ‚
968 819 1110 892 quae
1133 796 1403 895 aequales
1425 795 1695 880 virtute,
1738 793 1964 869 saltem
1975 798 2212 896 impari
2229 796 2443 870 felici-

390 919 530 971 tate
544 893 917 994 distinguat.
946 898 1132 969 Nam
1150 896 1503 966 multorum
1521 895 1928 994 ingeniorum
1940 922 2202 996 ‘magnae
2222 894 2437 983 dotes,

393 1000 576 1072 velut
588 993 836 1065 debiles
856 1002 925 1069 &
942 991 1078 1092 ipsa
1093 1005 1462 1091 paupertate
1481 1019 1665 1093 aegrae
1688 995 2130 1086 jacent.Libet
2146 997 2232 1067 ali
2284 1022 2443 1070 uan-

389 1095 485 1170 do
515 1089 875 1170 meminiffe
917 1096 1202 1192 satyrice
1234 1091 1550 1164 libertatis
1581 1102 1647 1166 δε
1683 1095 1917 1169 iterum
1953 1096 2217 1168 adorare
2263 1118 2442 1167 ortu·

381 1220 558 1270 nam.
582 1198 700 1269 Tu
712 1193 1243 1295 es,inquam,fine
1258 1218 1382 1293 qua
1401 1195 1590 1265 nullae
1608 1193 1873 1267 virtutes
1892 1193 2006 1268 fibi
2024 1196 2442 1295 placentmul-

389 1295 472 1365 1ae
508 1288 762 1391 possunt
780 1316 896 1389 per
913 1290 1277 1366 nostrorum
1295 1313 1662 1392 temporum
1683 1292 2137 1393 tempestatem
2150 1319 2447 1395 emerge-

387 1417 482 1469 re.
501 1394 625 1466 Tu
642 1391 723 1464 de
741 1388 1246 1465 sacerdotiorum
1263 1394 1559 1493 collegiis
1574 1387 2010 1491 suffragiorum
2032 1393 2435 1494 potestatem,

389 1509 464 1568 tu
478 1493 564 1566 de
580 1491 908 1589 opulentis
929 1488 1374 1565 solitudinibus
1394 1490 1853 1567 excuffisti.sed2
1867 1500 1934 1567 δι
1954 1488 2293 1568 forenfibus
2308 1493 2440 1566 mi-

391 1591 670 1666 nisteriis
686 1591 756 1663 in
772 1589 905 1664 hoc
924 1589 1123 1664 arduo
1138 1594 1366 1665 locatis
1386 1619 1519 1692 quo
1535 1593 1737 1664 solum
1753 1595 2063 1667 extr-u&ae
2081 1601 2288 1692 pertin
2372 1614 2450 1665 nt

391 1693 816 1791 divitiae,quae
835 1693 941 1762 via
955 1692 1139 1767 nudat
1159 1692 1480 1764 industriae
1505 1690 1714 1791 patet?
1731 1715 1835 1762 aut
1854 1693 2007 1788 quid
2022 1690 2254 1766 saltem
2338 1693 2455 1766 lici

398 1796 422 1867 i
474 1793 675 1867 naviae
725 1794 831 1865 vel
867 1790 1206 1892 ingenioso
1239 1786 1459 1861 sceleri
1476 1790 1839 1887 negavisti?
1867 1790 1992 1861 Sed
2013 1811 2233 1861 tantos
2254 1802 2325 1865 δε
2346 1813 2452 1864 tot

399 1820 605 1965 gsces
637 1890 759 1964 tibi
794 1891 931 1964 haec
970 1912 1122 1964 aetas
1155 1915 1286 1960 non
1317 1887 1519 1961 dedit.
1565 1895 1715 1979 Jam
1730 1890 1888 1956 olim
1904 1888 2122 1955 omnia
2143 1890 2445 1982 potuisti,

336 2042 342 2058 ·
375 1995 600 2082 „etiam
616 2013 767 2064 ante
785 1992 1000 2062 luxum
1016 2011 1204 2085 atque
1223 1984 1402 2056 aestus
1410 2016 1432 2073 3
1446 1986 1643 2052 etiam
1667 1994 1685 2023 ¹
1703 2008 1843 2053 cum
1865 1981 2191 2053 memoriae
2208 1983 2440 2053 laben-

395 2092 563 2161 tium
596 2112 905 2158 annorum
921 2086 1065 2155 satis
1085 2084 1228 2151 fixae
1248 2081 1499 2173 parietis
1517 2077 1680 2150 fides
1699 2102 1832 2150 erat
1850 2136 1878 2163 ,
1922 2102 2067 2148 cum
2084 2102 2434 2151 numeran—

390 2187 560 2259 tibus
577 2186 770 2254 clavis
789 2226 812 2261 ,
834 2188 899 2251 δι
922 2200 1133 2278 captas
1152 2198 1252 2248 tot
1273 2200 1585 2247 annorum
1600 2176 1709 2250 usu
1726 2200 1948 2278 gentes
1966 2171 2433 2252 nulla'interdi-
2482 2172 2487 2176 ’

389 2288 496 2357 &a
528 2278 1015 2378 extorquebant.
1067 2282 1212 2351 Hac
1247 2276 1662 2349 veneratione
1685 2282 1980 2353 Fortunae
1996 2277 2199 2376 srquis
2218 2276 2442 2351 offen-

389 2384 602 2466 ditur·,
632 2399 738 2449 aut
774 2377 961 2476 iplius
992 2373 1323 2448 benefieiis
1341 2373 1657 2475 saginatus
1678 2424 1699 2457 ‚
1739 2402 1925 2474 capta
1942 2385 2009 2450 δι
2028 2378 2203 2450 ebria
2217 2400 2445 2451 mente

395 2476 662 2558 desaevit
676 2534 699 2562 ,
735 2499 841 2548 aut
877 2476 1026 2549 sane
1043 2473 1136 2547 est
1155 2477 1374 2555 iratus,
1396 2500 1512 2546 nec
1534 2473 1904 2575 respicienti
1940 2502 2053 2576 per
2069 2498 2170 2550 tot
2191 2499 2345 2554 vota
2359 2479 2448 2550 li-

398 2583 589 2657 tavit.
640 2576 769 2651 Sed
800 2575 932 2649 hoc
966 2595 1181 2646 totum
1215 2598 1350 2646 non
1383 2574 1575 2648 video
1593 2602 1726 2675 quo
1747 2598 2130 2676 argumento
2148 2576 2346 2677 poffit
2363 2576 2443 2651 ad

400 2679 745 2758 minimam
765 2676 1148 2775 Protagonis
1170 2696 1395 2746 notam
1410 2695 1512 2745 aut
1530 2677 1822 2768 injuriam
1842 2676 2109 2763 traduci,
2130 2678 2232 2750 cui
2248 2680 2443 2750 etiam

402 2779 677 2855 fortunar
697 2774 1033 2848 arbitrium
1048 2769 1367 2873 adscripfi,
1385 2797 1454 2845 ut
1473 2770 1847 2848 felicitatem
1865 2775 2070 2848 abilla
2090 2802 2288 2850 nemo
2305 2801 2446 2850 ma·

403 2881 506 2981 gis
523 2901 715 2978 quam
734 2872 816 2945 ab
835 2873 960 2947 isto
974 2894 1288 2945 exoraret.
1349 2875 1764 2947 Doromisum
1782 2896 1992 2947 autem
2018 2878 2308 2963 (alterum
2331 2883 2442 2949 Sa-

403 3001 564 3078 tyrae
600 2976 871 3055 crimen)
911 2974 1181 3045 immani
1216 2974 1471 3070 piaculo
1506 2972 1821 3073 aggreffus
1858 2973 2007 3045 sum.
2057 2975 2318 3048 Scilicet
2351 2972 2433 3043 ab

399 3079 546 3179 ipso
563 3076 826 3149 nomine
841 3074 1099 3145 initium
1118 3072 1362 3163 injuria·
1384 3070 1499 3143 fuit
1518 3123 1542 3158 ,
1566 3083 1631 3146 &
1660 3072 2075 3146 Doromisum
2092 3071 2435 3172 appellavi,

458 3176 579 3251 uafi
615 3200 728 3273 per
759 3174 1027 3245 nimiam
1059 3167 1489 3273 frugalitatem
1508 3171 1870 3245 liberalitati
1886 3167 2208 3247 infestum.
2260 3175 2447 3245 Ecce

405 3205 493 3347 de
522 3275 772 3348 infelici
793 3269 1113 3345 beneficio
1137 3297 1378 3344 novum
1398 3268 1572 3345 nefas
1590 3319 1612 3354 ‚
1655 3270 2016 3372 amorisque
2034 3294 2299 3344 conatus
2319 3274 2446 3344 ite-

408 3397 549 3447 rum
568 3371 1012 3469 indigniffimo
1025 3394 1202 3455 reatu
1222 3370 1511 3470 perculfi.
1546 3369 1740 3467 Qasr
1762 3372 2094 3445 Doromifi
2111 3396 2247 3443 non
2265 3374 2441 3443 inve·

406 3472 616 3546 nerim
635 3494 900 3559 nomen,
923 3474 1098 3572 quod
1117 3474 1304 3546 nullis
1322 3471 1509 3546 donis
1530 3493 1707 3544 tanta
1727 3473 2060 3572 integritas
2080 3469 2284 3573 posset
2301 3471 2442 3542 nul-

2262 3573 2322 3641 la
2340 3565 2444 3639 so-

479 3723 507 3762 1
542 3708 646 3771 Cum
656 3706 1102 3760 memoriaezabentim
1113 3707 1397 3771 ennomfic-
1454 3718 1568 3757 num
1582 3706 1814 3757 memoria
1825 3703 2116 3774 contigerat,
2143 3703 2286 3753 toties
2298 3700 2445 3750 diffl-

408 3776 583 3840 'riefixae
591 3775 890 3844 pnieehfides
902 3789 993 3831 erae
1006 3797 1132 3838 ,cm
1143 3777 1395 3828 nannet-«nei-
1452 3788 1529 3824 τοι
1553 3776 1737 3828 clavum
1751 3772 1925 3846 figebat
1941 3774 1992 3827 in
2004 3770 2253 3842 Capitolio
2266 3779 2436 3821 annun

412 3847 488 3902 bna
514 3845 645 3900 clavis
658 3875 685 3907 ρ
710 3843 847 3912 cvm]
882 3843 1088 3919 Qoties
1107 3844 1280 3916 aliquid
1293 3844 1395 3915 dig·
1448 3843 1687 3898 indicens.
1794 3902 1797 3907 ,
2113 3883 2118 3887 -
2253 3913 2279 3953 1
2309 3907 2455 3971 ειμι
