2738 4475
843 291 1613 362 PansVI.
2076 291 2216 386 683

189 407 348 465 dibus
372 403 655 464 incedebat
673 443 689 469 ‚
723 403 1002 478 unguibus
1017 404 1072 460 in
1091 407 1196 462 urfi
1210 405 1445 462 modum
1467 405 1771 481 praeacutis.
1805 403 1999 473 ›Quod
2018 406 2084 463 ad
2099 427 2229 464 cau·

188 488 353 549 darn,
388 491 443 546 δι
462 483 740 560 reliquum
757 500 954 557 corpus
971 481 1343 540 Crocodilum
1377 497 1541 558 puta,
1569 482 1668 539 nisi
1699 484 1854 561 quod
1889 482 1986 539 alis
2030 485 2233 543 duabus

188 564 555 641 cartilagineis
569 563 635 621 ad
651 563 988 620 celeritatem
1008 561 1238 618 incessus
1272 561 1559 619 volitando
1589 561 1876 625 utebatur,
1915 561 1990 618 ita
2018 577 2083 619 ut
2111 566 2238 640 equi

199 643 462 701 concitati
479 640 699 699 cursum
716 642 1082 717 assequeretur
1095 659 1264 716 quam
1287 639 1577 698 facillime:
1621 640 1658 696 si
1696 639 1942 717 quaeriris
1975 642 2243 707 colorem,

194 722 242 787 is
259 735 373 778 erat
406 719 494 777 san
540 721 729 777 uineus
766 721 910 777 flavo
956 725 1009 780 ὅ(
1036 720 1268 778 caeruleo
1290 721 1516 777 mixtus.
1579 721 1746 777 Porro
1763 721 1943 797 Eques
1957 718 2116 797 supra
2138 720 2253 777 lau-

190 801 353 857 datus
369 800 481 857 revi
506 799 656 856 endae
675 801 1030 875 negotiorum
1051 811 1324 872 praetextu
1340 800 1527 874 patriae
1542 837 1558 862 ,
1579 800 1902 875 potestatem
1934 799 1991 855 in
2009 800 2124 855 dies
2139 798 2244 857 ali-

186 893 334 954 quot
348 875 804 938 abscedendi-fieri
826 876 920 935 sibi
943 877 1189 953 postulat.
1203 880 1356 933 Tum
1375 878 1685 936 Draconem
1705 897 1775 935 ex
1791 876 1981 935 charta
1998 881 2053 935 &
2069 879 2241 953 stupa·

193 956 500 1014 Rhodienfi
520 956 746 1033 quidem
767 956 884 1021 illi,
903 954 1252 1031 dispositione
1271 956 1657 1015 membrorum
1685 996 1701 1022 ‚
1716 956 2245 1033 magnitudine‚'co·

189 1034 312 1093 lore
352 1054 532 1111 parem
552 1033 770 1092 effinxit
786 1075 802 1099 ,
819 1038 1093 1111 &equum
1114 1035 1435 1092 bellatorem
1459 1070 1477 1095 ‚
1506 1054 1750 1112 eumque
1767 1036 2109 1112 intrepidum
2133 1052 2241 1099 ‚at-

190 1133 306 1190 que
342 1112 664 1171 indefessum
697 1131 828 1170 cum
858 1115 1097 1191 geminis
1128 1112 1343 1192 Angliae
1374 1114 1600 1171 canibus
1630 1114 1727 1171 sibi
1757 1116 2115 1188 comparavit.
2173 1119 2238 1172 ln

188 1194 506 1251 Draconem
526 1194 988 1251 commentitium
1008 1191 1357 1269 subircjubet
1375 1211 1552 1250 unum
1567 1191 1598 1250 ὲ
1620 1191 1839 1250 famulis
1853 1228 1871 1253 ‚
1902 1194 2002 1268 qui
2019 1211 2126 1270 ope
2142 1191 2237 1249 fu-

188 1273 276 1330 nis
292 1287 473 1348 caput.
490 1272 719 1329 caudam
740 1268 972 1348 alasque,
992 1278 1047 1333 δι
1065 1284 1250 1329 totum
1273 1289 1474 1348 corpus
1489 1271 1635 1329 illius
1663 1272 1888 1348 agitaret
1918 1275 1979 1329 in
2010 1270 2234 1332 diversa.

188 1351 472 1409 Deodatus
499 1370 650 1428 equo
682 1350 914 1408 insidens
942 1349 1270 1409 simulachra
1302 1351 1550 1427 proferre
1581 1353 1927 1412 certaminis,
1975 1352 2237 1409 insultare

189 1427 327 1486 ficto
342 1430 595 1487 monstro
611 1468 628 1492 ,
666 1447 862 1506 urgere
876 1449 1086 1506 equum
1105 1468 1121 1492 ‚
1159 1432 1212 1486 &
1226 1447 1383 1485 canes
1402 1468 1418 1494 ‚
1450 1429 1618 1506 idque
1633 1429 1999 1488 indesinenter
2013 1450 2110 1507 per
2124 1428 2238 1505 spa-

190 1509 344 1565 tium
360 1507 635 1565 bimestre.
677 1510 830 1564 Tum
846 1509 911 1564 ad
928 1507 1197 1564 Rhodum
1216 1506 1449 1564 insulam
1473 1525 1603 1565 cum
1624 1508 2027 1585 famulis,equo
2045 1550 2062 1574 ,
2078 1513 2133 1568 &
2149 1528 2238 1569 ca—

190 1584 606 1646 nibusmss‘uetis
622 1583 753 1642 huic
768 1586 1054 1643 certamini
1073 1625 1090 1650 ,
1124 1587 1229 1642 iter
1259 1589 1542 1656 remetiri5
1585 1591 1639 1648 ὃς
1673 1588 1942 1647 invocatis
1970 1590 2036 1645 ad
2070 1606 2239 1664 opem

197 1665 324 1722 Deo
344 1704 360 1730 ‚
375 1661 641 1741 Divisque
656 1661 982 1728 vindicibus,
999 1665 1262 1722 adornare
1279 1683 1526 1743 pugnam
1547 1707 1564 1731 ,
1581 1668 1811 1725 monitis
1828 1669 1978 1742 prius
1995 1665 2237 1729 famulis.
2309 1679 2314 1684 ·

197 1758 267 1800 ut
282 1741 345 1798 ad
361 1759 558 1817 rupem
579 1738 929 1800 ascenderent
944 1742 1262 1819 spectatores
1279 1746 1594 1801 certaminis
1611 1769 1628 1812 ς
1660 1758 1724 1801 ut
1752 1743 1790 1800 si
1818 1747 2067 1803 Dracone
2081 1744 2238 1808 caeib,

196 1818 381 1895 ipsum
402 1819 456 1877 se
471 1820 652 1879 adhuc
665 1819 960 1897 spirantem
977 1824 1279 1896 reperirent
1290 1862 1305 1886 ‚
1318 1823 1572 1879 amuletis
1588 1825 1918 1898 comparatis
1934 1842 2105 1899 ocyus
2120 1822 2240 1880 suc-

190 1913 496 1957 currerent.
564 1901 661 1957 His
688 1901 968 1974 praemiffis
1002 1905 1175 1958 Heros
1208 1902 1541 1966 fortitudine
1575 1918 1814 1959 armatus
1848 1908 1900 1962 ὃ(
1920 1903 2240 1967 constantia.

197 1981 261 2035 in
299 1992 523 2036 antrum
560 1976 843 2037 succedere
857 2018 874 2045 ,
905 1999 967 2039 ac
986 1978 1226 2037 belluam
1248 1980 1621 2055 portentosam
1643 1979 1976 2038 clamoribus
1993 1981 2237 2056 repetitis

195 2058 262 2116 ad
281 2056 485 2115 ludtam
504 2074 837 2133 provocare,
871 2058 994 2134 qiiae
1010 2060 1189 2116 statim
1213 2057 1304 2134 spe
1331 2061 1541 2135 opimae
1572 2060 1765 2135 praedae
1800 2059 2021 2122 allaim,
2051 2059 2236 2124 iibilis.

195 2134 740 2215 squainmarumque
757 2141 811 2196 ὃ(
827 2136 1036 2194 alarum
1056 2138 1280 2213 strepitu
1300 2139 1484 2196 locum
1508 2137 1744 2211 implere
1758 2177 1774 2202 ,
1806 2152 2006 2195 terrere
2023 2139 2238 2199 omnia.

194 2221 253 2277 &
268 2216 547 2273 concitato
561 2214 738 2294 gress'n
756 2254 774 2281 ,
791 2234 855 2274 ac
872 2216 1054 2274 volatu
1072 2216 1280 2274 irruere
1294 2235 1424 2274 cum
1445 2218 1679 2296 impetu.
1739 2219 1915 2294 Eques
1929 2217 2239 2294 intrepidus

193 2293 424 2354 assuetos
441 2294 507 2351 ad
528 2313 772 2372 pugnam
791 2314 947 2354 canes
964 2315 1160 2373 urgere
1179 2334 1193 2359 ‚
1238 2301 1292 2354 δε
1324 2296 1566 2353 lanceam
1604 2308 1752 2353 tanta
1772 2300 1825 2352 vi
1841 2298 2165 2375 intorquere
2179 2298 2247 2354 in

192 2370 386 2449 squam
397 2391 545 2430 mam
566 2411 582 2436 ,
596 2390 659 2430 ut
673 2375 858 2447 primo
874 2375 953 2431 im
999 2390 1091 2432 etu
1108 2375 1485 2450 frangeretur:
1531 2389 1585 2432 at
1605 2379 1779 2433 Heros
1796 2374 2033 2433 infracto
2048 2377 2242 2433 animo

197 2468 263 2507 ut
286 2450 432 2508 videt
450 2450 684 2506 belluam
703 2488 719 2513 ,
751 2450 948 2507 demor
970 2471 1014 2507 is
1042 2451 1374 2526 genitalibus
1405 2453 1688 2509 dolentem
1711 2492 1728 2517 ,
1757 2451 2007 2510 adversus
2034 2472 2237 2510 canum

196 2527 414 2586 morsus
463 2525 570 2585 sese
601 2525 921 2592 defendere,
954 2540 1087 2583 tunc
1105 2529 1333 2601 pedestri
1349 2529 1651 2584 certamine
1663 2548 1783 2585 eam
1800 2532 2022 2605 aggredi
2037 2530 2245 2605 gladio,

195 2610 254 2667 ὃ(
284 2604 507 2665 fortiter
538 2603 816 2681 congredi.
874 2605 999 2682 Jam
1034 2606 1212 2662 Draco
1242 2606 1299 2661 in
1331 2606 1494 2678 pedes
1524 2605 1844 2679 posteriores
1873 2605 1982 2663 sese
2013 2608 2241 2684 erigere,

196 2697 470 2764 quatenus
482 2682 845 2741 anterioribus
864 2685 1104 2741 Hero‘e‘m
1120 2684 1485 2761 opprimeret,
1496 2684 1593 2760 qui
1612 2683 1766 2743 scuto
1783 2685 2062 2761 protenus
2078 2704 2242 2743 com·
2342 2691 2354 2698 “

198 2777 357 2851 perta
389 2762 525 2820 colli
546 2760 788 2818 molliori
805 2776 955 2836 parte
967 2762 1218 2838 gladium
1242 2777 1355 2819 tam
1376 2761 1480 2819 alte
1497 2762 1766 2837 impressit
1780 2803 1798 2828 ,
1827 2779 1890 2822 ut
1907 2766 2194 2843 ingentem
2209 2763 2241 2822 ὲ

192 2839 403 2918 jugulo
434 2841 644 2898 cruoris
677 2843 732 2898 δε
765 2839 877 2897 tabi
907 2841 1128 2917 copiam
1160 2840 1485 2898 exhauriret.
1542 2842 1721 2899 Draco
1751 2841 1900 2899 :ustus
1937 2844 1998 2902 in
2029 2842 2241 2901 rabiem

198 2935 415 2996 quanto
430 2921 659 2996 propius
676 2919 864 2996 Equiti
881 2916 932 2975 se
952 2919 1202 2977 admovit
1216 2958 1233 2983 ,
1272 2932 1427 2977 tanto
1439 2920 1599 2978 altius
1615 2920 1828 3000 gladius
1844 2922 1900 2979 in
1921 2921 2121 2980 viscera
2138 2942 2239 3001 pe-

199 3001 459 3058 netravit.
504 3002 669 3065 Tunc
705 2998 919 3075 ingenti
950 2996 1229 3075 sanguinis
1259 2999 1540 3074 profluvio
1567 3000 1955 3062 debilitatus&
1975 3003 2126 3059 velut
2141 3022 2240 3059 ex-

202 3097 383 3155 angue
413 3079 723 3135 monstrum
761 3076 1023 3134 athletam
1072 3090 1192 3134 tum
1226 3061 1410 3135 labore
1454 3078 1615 3136 luetae
1644 3079 1973 3136 exhaustum
2013 3079 2248 3146 viribus,

199 3174 364 3232 atque
383 3155 724 3215 fatiscentem
744 3194 760 3217 .
797 3170 918 3213 tum
938 3157 1129 3231 putida
1143 3159 1198 3213 δι
1219 3171 1357 3216 tetra
1375 3194 1391 3216 ,
1461 3176 1589 3213 uam
1602 3176 1670 3214 ex
1687 3173 1878 3233 aperto
1890 3177 2123 3235 corpore
2138 3176 2239 3225 ex-

202 3233 418 3292 balabat
434 3234 693 3313 mephiti,
714 3236 1087 3293 intoxicatum
1130 3234 1201 3292 fic
1234 3176 1527 3311 oppreillit.
1560 3247 1626 3292 ut
1653 3237 1929 3294 videretur
1956 3238 2247 3294 exanimis.

205 3314 354 3390 Ergo
382 3309 702 3371 succurrunt
736 3312 966 3373 famuli.
1004 3313 1373 3374 &laborantis
1385 3312 1450 3371 ad
1465 3332 1629 3389 opem
1646 3313 1901 3373 advolant
1920 3355 1938 3380 ,
1978 3314 2242 3393 frigidam

204 3394 425 3467 corpori
443 3389 1189 3526 sg‘percffundunnfomentis
1205 3392 1561 3468 languentem
1579 3390 1786 3451 fovent.
1832 3395 1967 3452 Mox
1990 3396 2168 3471 Eques
2184 3396 2250 3452 in

207 3488 416 3546 equum
436 3489 463 3525 r
514 3470 634 3527 ilire
651 3511 668 3535 ‚
699 3469 890 3527 urbem
910 3485 1093 3546 petere
1111 3512 1126 3536 ‚
1161 3474 1215 3530 &
1232 3473 1483 3547 opimam
1501 3470 1790 3529 vi6toriam
1811 3474 2075 3550 Magistro
2090 3493 2244 3531 enar·

207 3568 345 3612 rare.
361 3548 457 3626 qui
476 3548 543 3604 de
559 3548 763 3606 violato
776 3547 956 3604 ediCto
971 3550 1088 3606 indi
1134 3551 1422 3607 nabundus
1439 3550 1707 3607 vizstorem
1729 3552 1932 3609 carceri
1965 3554 2250 3630 mancipat

207 3627 404 3686 habitu
424 3624 710 3702 spoliatum
731 3666 748 3690 ,
764 3626 938 3683 donec
956 3570 1154 3685 diffuso
1171 3649 1268 3706 per
1282 3647 1480 3685 omnes
1495 3627 1750 3689 insulares
1763 3634 2081 3696 certaminis
2092 3635 2250 3691 exitu

210 3706 359 3765 hunc
378 3706 683 3765 &vinculis
699 3707 900 3779 eripit,
942 3711 995 3764 δε
1024 3710 1318 3765 communi
1348 3722 1646 3783 exceptum
1678 3708 1865 3784 plausu
1897 3711 1963 3768 ad
1998 3710 2250 3769 summos

208 3787 408 3863 gradus
423 3785 629 3844 evehit3
672 3784 910 3860 denique
930 3783 1041 3842 fato
1054 3785 1111 3843 fu
1120 3787 1247 3843 nito
1264 3787 1458 3844 Elione
1473 3788 1748 3846 Deodatus
1762 3790 1857 3847 iste
1871 3807 2254 3867 cognomento

213 3871 266 3921 T
257 3886 343 3922 ue·
345 3863 553 3941 serpent
569 3864 627 3919 in
644 3862 832 3921 locum
853 3865 1095 3939 Magistri
1111 3863 1576 3927 consentientibus
1598 3870 2132 3948 omniumEquitum
2154 3884 2252 3922 vo-

211 3946 279 4001 tis
295 3984 309 4009 ,
330 3949 385 4006 &
405 3942 627 4003 calculis
642 3956 841 4021 quarto
856 3946 974 4020 post
990 3962 1135 4002 anno
1149 3942 1402 4003 suffe-stus
1417 3946 1511 4002 est.
2088 3944 2138 4021 §·
2158 3946 2247 4003 Vl.
