2738 4475
139 456 154 467 ‚
854 382 907 451 P
1016 400 1064 446 Α
1168 397 1220 449 R
1324 374 1360 449 s
1479 379 1589 449 V:
1664 401 1671 406 ·
1756 463 1761 470 ι
2058 380 2146 470 56
2155 399 2190 475 3

150 514 340 558 eatena
356 499 552 556 arctius
568 493 945 573 superstitione
962 492 1294 571 constringit
1312 534 1329 557 ‚
1365 512 1481 550 non
1497 491 1627 550 tulit
1642 493 1757 569 ejus
1770 490 2020 548 auctores
2052 511 2200 549 mor-

152 578 272 636 daci
291 579 453 635 dente
473 578 710 634 lacerari.
766 576 906 630 Ruit
923 576 1325 649 impatiensirae
1346 611 1360 635 ,
1377 586 1655 649 caputque
1671 570 1980 628 veridicum
2003 570 2205 628 Rheno

154 657 357 713 meriit.
390 657 669 713 Extimuit
684 656 904 718 fluvius,
921 671 1136 728 proque
1154 651 1417 730 sanguine
1433 651 1651 707 timidas
1666 668 1831 728 aquas
1847 649 2198 714 contrahens,
2217 658 2266 691 ’θ

153 736 416 812 pallentes
432 733 681 793 submisit
697 734 896 790 fluc‘tus
917 771 932 794 .
962 735 1017 789 &
1037 730 1270 806 Orpheo
1289 729 1386 785 suo
1401 732 1656 806 pepercit.
1736 730 1844 786 Hie
1879 730 2194 803 postmodO,

153 814 344 871 relista
361 817 535 893 patria
551 853 568 876 ‚
595 830 726 869 cum
747 811 965 868 duobus
985 809 1108 866 filiis
1130 813 1184 865 in
1203 807 1447 865 Galliam
1469 811 1649 866 venit:
1682 805 1771 864 sed
1788 811 1844 866 δι
1860 807 1949 864 illa
1961 811 2200 865 Germa-

151 895 281 950 nica
298 894 631 970 contagione
649 903 842 947 vexata
860 928 876 953 ‚
909 908 1086 965 nuper
1102 889 1394 945 Mendacio
1412 887 1812 944 sacrificaverat.
1856 888 1991 943 Non
2008 891 2196 962 potuit

153 984 368 1034 tamen,
387 973 472 1028 vir
489 974 778 1033 innocuuS,
797 971 939 1025 inter
957 980 1043 1024 tot
1059 966 1295 1024 fortunae
1314 966 1492 1023 minas
1504 1003 1520 1025 ,
1538 969 1592 1025 ὃ(
1613 967 1930 1043 ingruentia
1944 967 2198 1045 undique

151 1050 415 1124 pericula,
437 1049 697 1106 libertatis
709 1048 816 1105 suae
836 1066 954 1103 non
969 1046 1260 1103 recordari.
1317 1045 1496 1122 Igitur
1513 1084 1529 1108 ,
1561 1042 1857 1101 conversus
1871 1045 1933 1100 ad
1953 1047 2197 1122 antiquae

159 1130 366 1204 Satyrae
384 1127 632 1186 morsum
655 1167 672 1192 ‚
712 1125 1027 1184 doCtiffimo
1059 1126 1258 1201 &jam
1293 1122 1393 1180 suo
1426 1120 1579 1180 versu
1600 1124 1858 1181 Veritatis
1872 1123 2048 1182 hostes
2064 1143 2192 1200 pcr-

152 1208 390 1264 strinxit.
449 1205 957 1282 Cujusexemplum
980 1203 1346 1280 filiisequuti.
1380 1200 1825 1277 pertinacissimis
1854 1206 2199 1279 argumentis

149 1284 674 1343 Romanaelasciviae
691 1283 901 1342 bellum
923 1285 1221 1340 indicendo
1242 1323 1259 1347 ,
1291 1281 1623 1338 videbantur
1655 1281 2076 1339 immortalitate
2105 1283 2190 1341 di-

140 1365 249 1450 gni
269 1403 286 1428 ‚
317 1383 450 1421 cum
482 1365 633 1422 idem
659 1377 856 1420 ventus
880 1369 934 1424 &
956 1362 1322 1438 navigationis
1336 1360 1610 1416 auxilium
1637 1397 1654 1423 ‚
1682 1362 1735 1419 ὃ(
1752 1359 2020 1440 naufragii
2037 1361 2195 1422 causa

141 1443 277 1500 tuit.
334 1446 529 1501 Breves
561 1446 615 1499 &
652 1441 943 1499 mutabiles
973 1441 1100 1497 sunt
1120 1440 1495 1495 humanarum
1513 1456 1697 1495 rerum
1713 1440 1860 1496 vices
1875 1481 1892 1506 ‚
1915 1445 1970 1498 δι
1986 1441 2186 1498 condi-

140 1521 319 1580 tionis
334 1523 529 1579 nostrae
545 1523 741 1576 Fatum
760 1520 939 1575 rector
955 1523 1246 1593 nunquam
1265 1516 1585 1593 simpliciter
1601 1516 1875 1594 indulget.
1933 1518 2032 1577 Cel
2041 1519 2192 1578 ebri-

139 1616 229 1659 tas
246 1601 495 1657 nominis
515 1637 530 1660 ‚
548 1597 819 1653 invidiam
841 1597 982 1668 parit
999 1636 1012 1659 ‚
1035 1596 1240 1652 invidia
1256 1595 1514 1655 inimicos
1532 1634 1550 1661 ‚
1582 1610 1822 1654 mortem
1846 1598 2065 1654 inimici
2085 1635 2102 1659 ‚
2137 1600 2196 1656 &.

138 1678 296 1750 nihil
310 1679 388 1735 est
406 1678 586 1732 tutius
603 1673 931 1752 ignorantia.
991 1673 1200 1730 Parcite
1219 1673 1402 1731 dolori
1421 1693 1547 1729 meo
1566 1675 1812 1733 viarices
1827 1677 2066 1734 umbrae:
2102 1676 2198 1733 has

143 1757 448 1829 lacrymas,
463 1751 786 1809 desiderium
808 1751 961 1811 vestri
981 1779 997 1822 3
1021 1753 1136 1809 haec
1156 1752 1397 1830 suspiria,
1415 1751 1696 1830 posthumi
1714 1755 1882 1830 pietas
1905 1754 2051 1816 soras
2063 1774 2196 1813 evo-

145 1849 244 1891 cat
263 1837 274 1887 !
297 1831 468 1892 Absit,
489 1842 554 1889 ut
570 1831 759 1908 gloria:
779 1832 962 1888 vestrae
977 1830 1252 1889 invideam
1265 1872 1279 1896 ‚
1294 1852 1417 1910 quae
1435 1831 1553 1908 plus
1572 1834 2001 1907 posteritatisest,
2015 1851 2194 1912 quam

137 1913 338 1970 vestra.
384 1911 494 1967 Pro
507 1912 755 1967 Ver-itate
765 1910 1009 1968 cadendo
1023 1951 1040 1976 ,
1057 1909 1260 1968 fecistis
1277 1926 1336 1968 ut
1355 1912 1508 1969 heres
1535 1909 1707 1969 laudis
1726 1949 1740 1972 ‚
1762 1930 1875 1968 non
1892 1911 2196 1976 bonorum,

134 1990 336 2050 essem.
382 1988 497 2046 Sub
512 1989 687 2047 oculis
706 1990 860 2054 meis¹
878 2007 1024 2054 avus,
1042 2002 1212 2064 pater,
1231 1990 1535 2047 avunculus
1549 1991 1789 2069 jugulati
1809 2029 1826 2054 ‚
1849 1991 2035 2047 minus
2049 1991 2198 2048 ami-

132 2088 344 2130 corum
362 2067 563 2125 officiis
579 2104 596 2128 ,
629 2087 799 2144 quam
821 2068 1184 2125 inimicorum
1205 2068 1517 2126 crudelitati
1534 2069 1771 2127 debent:
1806 2068 1899 2126 illa
1914 2109 1929 2133 ‚
1965 2071 2089 2127 vitae
2108 2070 2200 2127 in-

134 2148 448 2209 commoda
479 2147 915 2222 mitigaverunt:
953 2147 1073 2203 haee
1093 2185 1108 2210 ,
1142 2150 1343 2203 mortis
1381 2147 1620 2205 ludibria
1650 2146 1811 2204 fimul
1844 2146 2063 2205 abstulit
2078 2186 2095 2210 ,
2136 2150 2195 2205 δε

123 2225 625 2289 'immortalitatem
648 2224 838 2304 largita
850 2225 942 2284 est.
1002 2224 1162 2301 Qid
1194 2223 1392 2283 faciam
1413 2226 1432 2280 ?
1465 2225 1503 2283 fi
1522 2226 1883 2282 Germaniam
1902 2228 2193 2301 repetiero.

134 2319 211 2367 ut
227 2320 555 2364 extraneum
578 2304 896 2370 ‚abdicabit.
962 2302 1233 2381 Quisquis
1262 2306 1417 2362 enim
1454 2302 1621 2361 mist-r
1651 2306 1680 2362 a
1698 2304 1804 2361 suis
1818 2303 2073 2362 solatium
2094 2326 2189 2364 ex-

137 2384 378 2463 speetat:
422 2383 596 2441 nescit
609 2403 776 2459 quam
791 2384 898 2443 levi
916 2398 1213 2441 momento
1230 2397 1522 2440 mutentur
1539 2382 1841 2455 hominum
1864 2385 2083 2461 ingenia
2103 2406 2114 2440 ε
2134 2387 2191 2443 δε

138 2483 315 2544 quam
331 2463 623 2539 repentino
643 2462 711 2519 ab
730 2464 928 2529 animis
942 2460 1252 2520 absentium
1276 2464 1549 2519 memoria
1562 2460 1820 2519 deleatur.
1846 2523 1851 2529 ,
1880 2464 1935 2517 Si
1968 2464 2024 2519 in
2057 2464 2190 2522 Gal·

143 2545 237 2601 liis
251 2542 459 2601 diutius
476 2558 768 2598 moravero
788 2580 804 2603 ,
837 2539 948 2616 ipsa
981 2560 1071 2596 me
1101 2559 1360 2597 meorum
1395 2539 1589 2598 funera
1617 2541 1817 2597 docent
1838 2541 1974 2618 quid
1992 2544 2191 2600 timere

133 2621 374 2680 debeam
397 2624 408 2675 Ξ
442 2637 615 2677 nemo
626 2620 768 2675 bene
783 2619 923 2675 vivit
937 2620 1405 2693 iuterparricidas.
1453 2624 1525 2677 At
1546 2618 1637 2676 ille
1653 2621 1873 2695 optime·
1886 2622 2190 2679 Fortunam

138 2698 424 2757 adversam
441 2695 668 2755 sustinet
686 2734 702 2758 ‚
735 2697 833 2772 qui
866 2696 1197 2755 calamitates
1226 2695 1341 2755 suas
1377 2697 1679 2756 abscondit.
1728 2698 1985 2756 'Nullum
2007 2697 2190 2758 solum

146 2774 389 2835 infoelici
404 2775 616 2866 gratius
631 2773 950 2833 solitudine:
993 2775 1049 2832 in
1067 2795 1177 2854 qua
1195 2815 1211 2841 ‚
1241 2795 1341 2833 nec
1359 2779 1639 2851 parricidae
1657 2779 2024 2836 inveniuntur
2044 2818 2060 2841 .
2088 2798 2188 2837 nee

138 2855 284 2915 alius
299 2897 316 2921 ,
340 2874 442 2934 qut
463 2851 707 2912 miserias
721 2874 787 2912 ex
832 2854 1036 2911 robret.

231 2937 346 2993 Hac
366 2932 764 2994 deliberatione
782 2872 942 2991 ἔτι-οι
958 2973 976 2998 ,
1004 2932 1172 2991 tantis
1189 2932 1393 2993 casibus
1406 2932 1772 3019 adspirantem
1793 2936 2021 3016 reliquit
2044 2967 2059 3010 3
2104 2938 2195 2996 sed

140 3015 283 3073 dum
306 3015 456 3093 fugit
474 3053 492 3079 ‚
528 3011 717 3072 nescio
748 3032 871 3091 quae
899 3028 1009 3071 vox
1041 3011 1313 3072 auxilium
1333 3017 1687 3092 implorantis
1706 3016 1893 3093 fugam
1913 3019 2199 3093 ejusinhi-

141 3093 278 3152 buit.
303 3090 616 3153 Conversus
631 3095 820 3173 itaque
831 3091 896 3151 ad
914 3091 1263 3151 notiffimum
1283 3096 1485 3152 sonum
1504 3094 1652 3151 videt
1670 3100 1839 3171 amici
1852 3114 2057 3174 corpus
2073 3098 2194 3155 vul-

141 3172 364 3230 neribus
389 3173 634 3230 lacerum
651 3214 669 3239 ‚
707 3178 762 3234 δε
787 3182 904 3231 tam'
922 3172 1205 3229 continuis
1219 3173 1451 3230 fustium
1474 3172 2061 3234 iCtibusintumescens
2080 3216 2095 3240 ,
2128 3192 2194 3237 ut

145 3269 217 3308 ne
235 3250 453 3308 Chiron
469 3251 698 3327 quidem
714 3282 731 3313 s
758 3252 1026 3310 attonitus
1044 3253 1110 3309 ad
1125 3267 1214 3310 tot
1231 3253 1412 3310 ulcera
1435 3294 1449 3315 ,
1477 3253 1695 3310 homini
1733 3252 1959 3329 pessime
1991 3254 2191 3313 affeesto

143 3327 373 3386 auderet
387 3325 670 3387 sanitatem
687 3331 958 3405 polliceri.
1012 3333 1085 3389 At
1097 3329 1192 3389 ille
1206 3336 1302 3407 qui
1316 3332 1531 3407 jacebat
1550 3371 1566 3392 .
1587 3332 1835 3408 undique
1850 3333 2193 3393 circumlatis

145 3405 328 3465 oculis
342 3447 358 3471 ,
375 3406 473 3463 ubi
488 3408 546 3464 in
562 3408 897 3486 Capilupum
914 3410 1110 3467 incidit
1126 3450 1142 3476 ,
1170 3413 1296 3487 quis
1313 3412 1595 3470 crederet?
1637 3427 1750 3468 tam
1773 3411 2035 3486 pertinaci
2052 3431 2193 3471 con-

143 3486 340 3545 stantia
371 3486 431 3541 in
461 3483 845 3543 Onosandrum
882 3487 1244 3554 declamavit,
1275 3505 1337 3547 ut
1372 3490 1532 3550 facile
1560 3491 1689 3549 effet
1720 3491 1992 3566 conjicere
2011 3532 2028 3557 ,
2056 3512 2190 3553 eum

141 3564 275 3644 plus
294 3564 363 3621 de
377 3562 596 3622 ultione
612 3604 628 3628 ‚
644 3583 813 3642 quam
831 3566 899 3623 de
916 3564 1086 3624 salute
1138 3570 1337 3642 ropria‚
1355 3572 1630 3647 cogitare.
1677 3570 1874 3627 Potens
1893 3609 1908 3634 ,
1929 3573 1983 3629 &
1998 3570 2194 3631 efficax

139 3662 362 3701 nomen
375 3643 474 3704 est.
491 3642 763 3701 vindicta.-
809 3588 1222 3725 quodquisguis
1238 3663 1418 3711 amat,
1442 3654 1495 3707 ὃς
1513 3652 1682 3707 vitam
1703 3647 1863 3706 simul
1886 3645 2116 3725 spernit.
2138 3655 2195 3711 ὃς

134 3722 298 3780 bona
326 3724 604 3781 Fortunat.
679 3721 824 3780 Male
856 3724 969 3781 fine
1001 3725 1232 3783 stimulis
1263 3723 1464 3801 satyras
1496 3726 1818 3796 scribimus;
1850 3730 2196 3790 admovenda

132 3802 273 3861 sunt
292 3802 475 3860 Poetis
494 3801 838 3881 infoelicibus
853 3801 1079 3860 calcaria
1094 3843 1109 3864 ‚
1132 3810 1188 3865 δι
1203 3806 1482 3862 atrocibus
1515 3808 1730 3883 injuriis
1755 3808 2075 3866 excitandus
2106 3809 2195 3867 fu-

131 3899 251 3939 ror.
278 3881 416 3948 Pace
434 3895 545 3947 tua.
565 3883 762 3941 Botris,
775 3883 930 3959 quod
950 3901 1124 3960 nuper
1146 3879 1539 3942 onosandrum
1599 3888 1761 3944 oenia
1777 3889 1975 3963 arguit,
1993 3886 2199 3947 enervi,

130 3960 202 4020 &
222 3958 446 4021 flaccida
459 3960 722 4021 facundia
734 3960 1063 4041 languebat3
1111 3981 1288 4025 nunc,
1326 3964 1480 4040 quod
1500 3906 1735 4023 offensus
1751 3965 2020 4025 exclamas
2039 4003 2054 4027 ι
2084 3963 2197 4093 {mh

1179 4042 1235 4099 N
1256 4061 1294 4109 n
1338 4060 1371 4099 2
1967 4058 2081 4098 ram
2106 4057 2202 4101 um
