2738 4475
814 244 1576 322 Pana-VI.
2120 245 2259 347 68¹9

210 359 455 426 'liberalis
467 362 643 425 animi
658 363 735 421 est
753 403 770 429 .
797 362 933 421 dum
952 361 1147 441 sponte
1164 365 1393 443 largitur
1408 407 1424 431 ‚
1458 372 1514 427 δε
1531 384 1676 443 aegre
1693 364 1909 441 accipit.
1963 367 2160 423 Unum
2182 366 2263 422 est

224 444 379 523 super
393 485 408 511 ,
441 446 712 522 nimirum
744 455 809 498 ut
835 442 930 500 ille
944 456 1259 520 opportune
1272 484 1289 509 ‚
1330 451 1388 505 &
1416 445 1558 502 duce
1587 445 1798 502 ratione
1827 442 1919 502 sua
1943 445 2225 503 distribuat
2243 464 2258 499 t

224 543 337 602 quo
352 525 529 601 polito
547 521 640 579 ille
652 520 869 578 habitus
885 521 1029 580 haud
1052 520 1275 579 vitiosus
1290 525 1533 580 omnino
1546 523 1877 598 reputandus
1891 524 1967 580 est
1986 559 2002 583 2
2031 542 2161 581 cum
2182 543 2257 583 ex

222 604 414 661 animo
429 601 644 676 abjedko
658 598 894 657 minime
911 601 1184 676 profluat:
1226 599 1314 658 sed
1331 619 1400 658 ex
1419 602 1791 677 imprudentia
1807 639 1825 661 ‚
1857 605 1912 660 δε
1943 602 2256 677 incuriaju·

218 681 391 739 venili
410 696 468 737 m
543 681 584 734 's
596 693 908 754 promanet.
965 680 1221 757 Denique
1239 680 1506 757 prodigus
1518 699 1687 758 quam
1704 681 1901 738 multis
1914 673 2251 740 beneficium

217 758 472 818 conferre
507 757 624 815 olet
640 795 658 822 ,
676 761 882 816 Avarus
895 759 1111 817 nemini
1129 777 1142 814 :
1184 760 1489 816 Enimvero

380 844 605 896 Avarus
627 833 727 911 mli
749 857 869 894 cum
896 841 1125 895 moritur
1135 874 1153 898 ‚
1192 838 1323 898 mhi!
1347 841 1481 897 reHe
1497 837 1655 917 facit.
2211 911 2216 916 ἱ

218 921 283 979 ln
319 915 430 975 hoc
460 935 575 976 uno
606 914 847 996 graviter
872 915 903 975 a
931 917 1169 996 prodigo
1193 921 1405 995 peccari
1423 917 1651 978 solitum
1669 957 1689 982 .
1727 918 1768 977 fi
1781 920 1840 978 in
1855 917 2105 997 oppofita
2121 911 2256 981 vitia

217 1013 453 1073 praeceps
468 995 702 1061 abeat‚in
719 993 1045 1075 turpissimas
1057 994 1293 1074 delapsus
1303 996 1723 1060 consuetudines
1739 1036 1757 1060 .
1796 1003 1957 1058 omni
1979 1001 2107 1078 jure
2138 999 2251 1074 cal-

217 1089 343 1133 cato
358 1075 579 1152 diripiat
595 1074 769 1134 aliena
787 1104 804 1147 3
839 1078 1041 1154 rapinis
1056 1077 1261 1149 alatur-3
1302 1081 1512 1160 iniquis
1532 1121 1547 1147 ,
1562 1084 1618 1140 δι
1635 1079 1891 1138 violentis
1905 1079 2250 1137 conditioni·

213 1152 316 1212 bus
330 1170 593 1213 nummos
606 1157 865 1216 corrodat
878 1183 896 1228 ς
929 1175 1198 1238 emungat
1213 1159 1491 1239 marsupia
1505 1198 1523 1227 ,
1538 1179 1602 1218 ac
1615 1158 2039 1238 repetundarum
2054 1157 2252 1215 fraude

211 1231 267 1290 se
278 1232 586 1312 obstringat
597 1271 617 1300 ,
633 1249 902 1314 quatenus
917 1237 1068 1297 hunc
1084 1241 1350 1298 morbum
1371 1260 1487 1320 quo
1502 1240 1729 1306 laborat,
1744 1236 2101 1315 insanamque
2118 1253 2251 1312 pro·

204 1307 505 1371 fundendae
521 1311 824 1374 substanti-“e
837 1315 1134 1376 libidinem
1151 1319 1402 1386 excolat,
1434 1326 1486 1382 ὅ(
1507 1318 1726 1390 foveat3
1769 1337 1884 1397 quo
1914 1317 1977 1374 fit
2010 1329 2072 1373 ut
2091 1333 2149 1371 re
2163 1313 2246 1374 fa-

211 1391 418 1449 miliari
432 1410 599 1470 quam
616 1396 915 1468 profundat
926 1431 944 1460 ,
960 1397 1081 1472 jam
1098 1396 1390 1457 deficiente
1411 1438 1428 1464 ,
1440 1398 1731 1457 consumat
1746 1398 1979 1456 alienam
2002 1415 2019 1456 3
2035 1398 2091 1454 δε
2104 1411 2248 1471 qua⁴

206 1482 370 1536 tenus
388 1489 622 1529 munera
634 1471 914 1551 largiatur,
928 1476 996 1531 ad
1013 1472 1162 1532 furta
1176 1475 1230 1534 se
1243 1491 1558 1536 convertat:
1593 1491 1757 1556 atque
1783 1475 1890 1535 illis
1916 1493 2055 1552 quos
2071 1473 2252 1530 extol·
2311 1542 2319 1551 ⁶

205 1547 279 1604 lit
308 1546 469 1623 supra
496 1549 734 1607 modum
750 1550 987 1609 fortunae
1002 1550 1109 1611 suae
1122 1552 1382 1613 foelicitas
1403 1594 1420 1620 ,
1446 1556 1660 1616 fraudes
1673 1569 1958 1631 comparet
1976 1594 1992 1620 ,
2031 1551 2252 1610 infidias

208 1624 481 1683 moliatur
494 1628 553 1683 in
567 1643 799 1683 omnem
812 1629 1007 1685 dolum
1023 1631 1352 1689 architectus
1371 1674 1388 1697 .
1414 1651 1682 1712 quatenus
1695 1634 1995 1694 immeritis
2007 1649 2137 1707 opes
2149 1630 2244 1687 ab·

206 1704 359 1763 unde
391 1700 775 1762 subministret.
830 1708 983 1763 Cum
998 1726 1067 1765 ex
1080 1708 1302 1767 adverso
1317 1714 1581 1775 virtutem
1600 1714 1920 1773 indonatam
1938 1710 2248 1774 dimittant,

206 1782 372 1843 nulla
385 1801 581 1840 eorum
598 1781 782 1841 habita
793 1786 1003 1843 ratione
1018 1825 1036 1850 ,
1066 1787 1167 1865 qui
1196 1788 1394 1865 opibus
1423 1793 1489 1851 ad
1518 1792 1750 1870 publicae
1764 1788 2238 1858 reicommodum

207 1874 526 1927 uterentur,
552 1879 794 1940 quorum
826 1882 897 1922 ex
927 1863 1153 1923 fortuna
1165 1867 1412 1944 prosperi
1429 1885 1654 1930 eventus
1668 1872 1910 1948 pendent
1921 1869 2244 1925 civitatum:

203 1938 488 2000 strvilibus
520 1942 695 2018 magis
708 1981 726 2006 ‚
754 1943 810 2001 δι
839 1943 1049 2020 ignavis
1077 1945 1451 2007 adulatoribus
1463 1991 1480 2016 ‚
1515 1951 1906 2027 foedarumque
1935 1944 2242 2003 libidinum

201 2018 427 2079 suarum
443 2020 774 2080 administris
790 2039 1020 2080 munera
1030 2019 1123 2080 sua
1136 2023 1484 2100 impertiunt.
1538 2032 1594 2086 Ο
1609 2044 1881 2109 quantum
1899 2027 1959 2083 iu
1972 2024 2245 2082 clientum

195 2099 412 2158 delectu
429 2099 680 2158 aberrant
695 2103 709 2156 Ξ
726 2097 935 2160 scilicet
946 2100 1007 2161 hi
1023 2100 1152 2161 tales
1166 2103 1611 2184 intemperantiae
1624 2110 1764 2166 vitio
1782 2107 2048 2169 laborant,
2063 2106 2240 2172 &vvo-

202 2176 405 2257 luptati
421 2178 711 2239 servientes
727 2180 794 2240 ad
810 2201 935 2243 eam
965 2184 1301 2253 totostudio
1327 2185 1619 2255 anhelant,
1663 2186 1996 2263 suarumque
2026 2180 2237 2240 molem

200 2250 571 2336 impensarum
590 2259 919 2321 immensam
936 2282 1006 2321 eo
1024 2262 1269 2323 referunt
1290 2286 1303 2322 ε
1347 2265 1599 2344 dumque
1618 2269 1891 2325 rationem
1909 2264 2132 2325 ducem.
2150 2262 2238 2319 in·

198 2336 336 2395 fami
348 2338 657 2397 defeffione
671 2341 736 2398 ad
756 2342 889 2399 vitia
903 2381 920 2407 ,
947 2341 1099 2421 sequi
1114 2357 1321 2420 negant
1339 2383 1357 2410 ‚
1389 2341 1512 2402 solis
1530 2343 1906 2422 voluptatibus
1922 2342 2119 2419 utique
2134 2360 2238 2397 no-

200 2434 335 2472 men
350 2415 497 2473 dant·
541 2416 661 2491 Qi
682 2417 720 2472 fi
736 2419 1010 2477 rationem
1026 2422 1299 2477 audierint
1313 2462 1330 2485 ,
1363 2423 1430 2479 ab
1444 2424 1539 2481 illa
1553 2423 1869 2498 profusione
1886 2421 1950 2477 ad
1970 2438 2154 2476 veram
2178 2416 2231 2474 se

191 2493 467 2569 recipient
481 2494 1008 2551 mentislibertatem
1030 2533 1046 2558 ,
1085 2498 1126 2553 si
1156 2495 1323 2554 secus,
1358 2500 1417 2553 in
1436 2500 1807 2574 turpissimam
1834 2497 2129 2553 deflectent
2146 2497 2235 2552 in·

198 2571 649 2649 temperantiam.
707 2573 807 2628 His
837 2589 1066 2648 quoque
1079 2611 1096 2637 ‚
1128 2572 1311 2630 subdit
1326 2575 1476 2630 idem
1498 2574 1891 2651 Philosophus:
1926 2572 2237 2630 Insatiabilis

192 2651 276 2707 est
293 2651 517 2707 avaritia
532 2678 548 2708 s
563 2648 716 2725 quod
732 2651 784 2707 &
802 2650 1067 2716 sentitus,
1082 2657 1138 2712 δι
1155 2648 1453 2721 infirmitas
1470 2693 1486 2716 ,
1516 2672 1640 2730 quae
1669 2654 1802 2710 huic
1835 2652 1973 2710 vitio
2003 2641 2234 2728 perinde

195 2743 368 2804 atque
383 2726 500 2784 aliis
514 2729 748 2785 modum
765 2727 955 2785 afferre
970 2730 1208 2787 debuere
1220 2769 1237 2794 ‚
1257 2727 1392 2786 huic
1409 2733 1545 2789 vires
1561 2771 1577 2794 .
1595 2736 1648 2791 &t
1666 2733 1772 2792 alas
1787 2731 1984 2789 addere
1998 2724 2230 2787 ibleant.

188 2806 353 2873 Adeo
365 2819 577 2864 certum
594 2808 670 2865 est
683 2805 979 2865 doffiffimi
992 2807 1217 2866 effatum
1236 2809 1509 2869 Antistitis
1523 2852 1540 2877 ,
1578 2819 1642 2870 In
1670 2811 1868 2870 homine
1891 2812 2033 2869 vitia
2059 2810 2230 2867 omnia

174 2883 432 2964 senescere
447 2911 464 2955 5
484 2884 983 2965 filamjuvenefiere
996 2890 1295 2945 avaritiam
1305 2928 1316 2943 .

273 2970 462 3044 Atque
494 2985 563 3023 ex
593 2966 677 3023 his
708 2967 1050 3046 argumentis
1079 2964 1337 3045 colligere
1352 2985 1464 3025 non
1484 2967 1556 3025 est
1571 2966 1797 3045 quidem
1820 2968 2220 3045 infoeliciorem

182 3058 352 3104 avaro
366 3044 472 3102 esse
488 3045 788 3125 prodigum
808 3068 821 3106 τ
864 3043 951 3103 sed
969 3047 1234 3123 quoniam
1253 3046 1347 3104 hic
1360 3048 1615 3105 abutatur
1630 3051 1895 3122 pecuniis,
1915 3053 1970 3107 &t
1984 3045 2182 3123 opibus
2200 3070 2218 3111 ς

182 3129 240 3183 δι
258 3125 482 3184 stultum
502 3164 518 3188 ,
533 3128 588 3183 δε
605 3125 1043 3201 imprudentem.
1102 3129 1228 3183 Imo
1246 3145 1376 3183 vero
1390 3125 1806 3205 prodigolongc
1822 3126 2226 3185 infoeliciorem

181 3221 411 3262 avarum
431 3203 633 3261 videri:
674 3223 991 3282 quanquam
1012 3202 1157 3262 haud
1175 3204 1344 3261 dubie
1357 3206 1591 3261 durioris
1624 3204 1862 3264 fortunae
1882 3203 2080 3282 jaculis
2109 3199 2224 3258 sor·

185 3295 308 3339 tem
327 3278 476 3337 suam
493 3281 749 3358 objiciat:
790 3283 1013 3339 Etenim
1033 3281 1308 3340 bonarum
1327 3302 1513 3339 rerum
1533 3283 1870 3342 consuetudo
1886 3282 2110 3359 pessima
2124 3282 2219 3338 cstt

181 3355 440 3415 Assuetus
455 3374 640 3417 autem
660 3361 783 3417 vitae
798 3360 1005 3418 deliciis
1017 3361 1283 3437 prodigus
1300 3400 1316 3425 ,
1351 3361 1434 3418 his
1465 3353 1701 3419 libenter
1715 3380 1893 3421 carere
1910 3358 2096 3433 nescit:
2115 3359 2215 3435 qui

183 3434 230 3495 fi
244 3436 312 3494 ad
324 3438 614 3513 egestatem
630 3437 844 3495 adaQus
857 3440 1026 3496 fuerit
1036 3477 1054 3501 ‚
1072 3458 1240 3518 quam
1261 3439 1533 3497 declinare
1547 3440 1639 3497 vix
1657 3442 1879 3517 poterit,
1896 3436 2097 3496 sortem
2115 3440 2217 3511 (ita

185 3533 287 3573 me
305 3515 454 3571 Deus
470 3520 639 3589 amet)
672 3517 931 3574 omnium
965 3518 1485 3576 calamitosissimam
1513 3517 1734 3577 sortitus
1748 3521 1868 3577 erit.
1912 3521 2123 3576 Verum
2141 3515 2209 3574 ab
2259 3564 2263 3569 ,

179 3611 254 3649 eo
270 3591 590 3650 discrimine
604 3613 770 3670 quam
789 3594 953 3672 longe
967 3596 1109 3654 abest
1125 3614 1330 3659 avarus,
1344 3595 1574 3654 adversae
1587 3595 1824 3657 fortunae
1841 3596 1961 3656 telis
1979 3616 2098 3656 raro
2114 3595 2217 3652 ob-

184 3673 393 3729 noxius
410 3707 427 3729 .
456 3688 586 3729 cum
621 3673 735 3729 haec
762 3691 890 3749 erga
905 3672 1065 3731 illum
1086 3678 1176 3734 vix
1190 3675 1468 3734 crudelior
1477 3704 1497 3739 >
1531 3695 1701 3753 quam
1722 3675 1905 3779 ipsein
1923 3675 2094 3735 semet
2110 3672 2216 3731 ess‘e

175 3747 363 3827 poffit.
418 3744 544 3827 Jam
574 3748 789 3823 dudum
821 3750 965 3807 illius
990 3753 1330 3813 incredibilis
1357 3756 1636 3832 patientiae
1660 3756 1864 3815 callum
1911 3752 2173 3814 obduruit
2191 3777 2211 3820 ς

176 3827 485 3908 mensaque
500 3827 700 3909 frugali
713 3845 1005 3889 contentus
1021 3851 1135 3893 nun
1150 3832 1305 3894 dolet
1329 3873 1345 3897 .
1367 3830 1707 3893 Pontificum
1724 3854 1926 3900 coenas,
1940 3835 2216 3967 Saliodrum

1295 3913 1353 3972 X
1368 3931 1407 3971 κ
2104 3921 2228 3992 apes
