2738 4475
525 253 619 337 86
1061 229 2120 326 Eulrno-nuarsn'xmm

511 377 789 450 ciavetat
821 395 1105 449 manum.
1122 406 1128 413 ·
1147 375 1414 463 'Quibus
1445 374 1680 446 tabulis
1698 396 1830 445 non
1848 370 2265 446 indele&at'us
2279 372 2541 447 transeo

511 477 582 549 in
624 478 987 574 proximum
1019 474 1412 559 thalamum,
1453 482 1520 547 δι
1556 473 1787 545 deinde
1822 476 2052 565 cumin
2068 474 2412 571 penitiores
2431 476 2536 546 in-

510 596 746 649 trarem
778 571 1086 658 recess‘us,
1123 573 1311 645 obrui
1344 574 1724 648 memoriam
1742 570 2118 672 labyrinthis
2134 570 2533 670 ampliffimae

510 672 697 746 sedis.
753 677 967 748 'Nam
1000 678 1069 748 ἃ.
1097 674 1461 774 Ἴὶιιψὶίεεττ
1491 677 1560 747 ἱῐι
1593 670 1720 746 sese
1755 695 2065 757 camerae,
2100 681 2170 745 &
2192 671 2533 769 multiplici

510 773 684 845 aditu
698 796 916 873 aperta
935 773 1166 847 cubilia
1180 820 1202 856 ,
1226 770 1586 847 auferebant
1601 774 1717 844 viat
1734 769 2098 844 discrimina
2118 772 2411 845 redeunti
2429 797 2543 870 per

509 873 731 945 inanes
768 875 1090 972 porticus,
1128 883 1196 948 &
1387 873 1579 946 nifica
1610 870 1802 971 spatia
1837 868 2244 944 nobiliffimae
2276 869 2532 953 domus,

510 971 718 1044 donec
736 972 807 1045 in
823 971 1132 1047 secretum
1147 973 1334 1069 delap
1360 997 1429 1041 us
1446 972 1807 1043 cubiculum
1826 1017 1848 1052 ‚
1885 970 2102 1042 notavi
2116 969 2193 1040 ad
2211 970 2543 1042 dexteram

507 1071 740 1142 litteris
761 1075 961 1144 aureis
979 1070 1499 1170 scriptuthemo
1515 1076 1580 1143 in
1596 1073 1940 1167 haencsedem
1950 1070 2171 1166 injuffus
2184 1072 2541 1141 admittitor.

509 1168 604 1243 Et
637 1168 714 1242 ad
737 1172 964 1243 laevam
993 1197 1146 1242 auro
1161 1175 1319 1242 item
1340 1165 1541 1240 fumi:
1595 1172 1618 1203 ⁸
1636 1171 1852 1264 Iisdem
1861 1172 2186 1266 sanandi
2196 1171 2375 1264 poem's
2377 1168 2538 1263 sacri

508 1272 760 1343 thalami
774 1273 985 1353 aditus,
1009 1273 1203 1364 quibua
1221 1284 1485 1342 Romana
1503 1273 1640 1341 olim
1658 1268 2092 1366 traenssmfoffk.
2137 1266 2393 1356 Quibus
2411 1290 2545 1365 ego

509 1368 992 1469 diligentiffime
1009 1370 1311 1469 perlcffls
1331 1418 1352 1451 ,
1387 1371 1795 1465 totoimpetu
1812 1363 1978 1439 foras
1997 1390 2291 1466 proruere
2307 1390 2546 1463 coepe-

508 1492 641 1538 ram
661 1525 681 1552 ,
704 1493 849 1540 cum
866 1470 1095 1568 ingens
1113 1467 1414 1568 strepitus
1428 1465 1851 1553 timidiffimas
1869 1490 2047 1540 aures
2068 1468 2360 1565 perculit.
2382 1467 2544 1537 Erat

508 1568 688 1640 enim
722 1567 1034 1659 muliebre
1069 1594 1306 1670 agmen
1340 1571 1469 1661 jam
1508 1570 1579 1640 in
1621 1568 1841 1641 cubilis
1909 1567 2161 1640 tadibus
2182 1613 2207 1648 ‚
2240 1588 2308 1638 ut
2325 1589 2542 1637 earum

508 1668 714 1737 oculis
745 1691 956 1740 meam
994 1664 1211 1768 fugam
1250 1667 1533 1742 suffurari
1569 1694 1704 1741 non
1737 1594 2003 1767 possgm.
2055 1670 2265 1766 Igitur
2302 1686 2546 1738 mutato

447 1823 454 1835 .
510 1764 781 1838 consilio
800 1769 865 1838 in
883 1768 1233 1843 thalamum
1251 1769 1444 1841 redeo
1460 1815 1482 1850 ‚
1518 1777 1586 1841 δι
1608 1793 1754 1841 cum
1773 1768 1856 1839 str
1942 1769 2122 1838 ulain
2140 1789 2375 1838 terram
2396 1789 2546 1858 pro.

439 1950 444 1953 Α
509 1866 642 1937 lixe
679 1864 1076 1948 defluerent,
1118 1870 1366 1939 occului
1401 1869 1660 1937 noxium
1681 1793 2000 1961 caputzffsb
2015 1866 2181 1934 aurei
2203 1862 2541 1936 receffibus

511 1964 710 2038 thori.
765 1970 850 2038 Et
885 1969 1017 2059 jam
1051 1968 1259 2035 noffls
1292 1964 1606 2033 filenrium
1627 1963 2011 2055 strepentem
2034 1957 2542 2029 concursantium

508 2066 851 2137 tumultum
901 2058 1309 2156 supprefferat
1341 2115 1360 2141 ,
1422 2082 1567 2126 cum
1614 2058 1773 2127 mihi
1808 2078 1943 2127 tum
1982 2053 2539 2153 periculofiffimus

506 2182 764 2239 carcer,
801 2179 937 2227 tum
979 2158 1221 2244 ’inanis
1261 2154 1646 2227 ventriculus
1683 2152 1886 2225 somni
1923 2156 2178 2252 copiam
2215 2179 2348 2225 non
2367 2150 2544 2227 face-

502 2277 669 2329 rent.
722 2256 916 2330 Unde
936 2252 1388 2326 remotissimos
1407 2278 1636 2324 canum
1653 2256 1911 2324 latratus
1934 2252 2263 2325 audiebam
2285 2302 2311 2337 ‚
2345 2261 2414 2329 &
2434 2277 2540 2326 te-

501 2353 813 2426 nuiffimae
832 2379 985 2426 aurae
1009 2379 1290 2426 murmur
1309 2378 1439 2423 non
1462 2347 1745 2452 fugiebat
1762 2355 1975 2453 vigilis
1997 2351 2209 2424 sensus
2224 2352 2542 2426 subtilita-

503 2471 667 2524 tem.
717 2458 899 2526 Tum
936 2455 1200 2534 mulier,
1237 2478 1377 2551 quae
1412 2450 1590 2549 supra
1623 2477 1729 2523 me
1759 2454 1827 2524 in
1866 2454 2111 2524 le&qu
2126 2452 2537 2538 decubuerat,

505 2553 734 2652 exigua
786 2550 929 2645 tufi}
978 2554 1284 2623 excitavit
1332 2573 1693 2624 matronam
1728 2551 1793 2620 in
1833 2551 2171 2622 aliotboro
2193 2553 2541 2643 jacentem,

506 2677 649 2750 quae
685 2654 863 2722 ocius
902 2647 1163 2722 surrexit
1184 2653 1248 2720 in
1271 2651 1510 2748 pedes,
1565 2649 1961 2748 pervalitque
1982 2649 2059 2720 ad
2082 2652 2272 2722 vicini
2302 2648 2543 2724 ostium

505 2750 822 2829 cubiculi,
875 2775 948 2820 ac
979 2750 1078 2821 bis
1114 2772 1335 2846 terque
1350 2747 1571 2820 inflexi
1592 2750 1780 2846 digiti
1799 2752 2065 2820 articulo
2082 2745 2250 2820 fores
2268 2748 2541 2847 pulsans,

505 2849 577 2920 in
613 2849 802 2920 aliam
837 2845 969 2946 ipsa
1004 2848 1235 2919 deinde
1252 2844 1467 2920 sedem
1484 2847 1855 2947 regreditur.
1908 2851 2041 2921 Hic
2060 2872 2188 2947 ego
2203 2849 2553 2922 curiofitati

506 2966 760 3020 tantum
795 2948 1104 3043 imperare
1134 2971 1268 3018 non
1308 2948 1527 3048 potui,
1571 2968 1640 3017 ut
1674 2945 1939 3045 stragula
1962 2972 2090 3018 non
2111 2948 2543 3030 dimoverem,

504 3069 816 3145 quantum
854 3047 932 3117 ad
967 3045 1516 3118 oculilibertatem
1545 3044 1688 3116 satis
1704 3069 1863 3115 erat.
1913 3049 2152 3144 Neque
2175 3047 2379 3118 multo
2395 3045 2548 3144 post

508 3147 734 3222 laxatis
766 3140 1002 3217 foribus
1017 3146 1277 3217 intravit
1295 3143 1601 3216 mirabilis
1621 3146 1739 3215 viri
1762 3143 1996 3242 species
2015 3193 2042 3229 ‚
2074 3147 2246 3238 cujus
2265 3168 2394 3244 ego
2412 3148 2546 3218 cul-

505 3265 580 3315 tu
612 3245 951 3317 exterritus
983 3244 1143 3317 nihil
1162 3240 1360 3316 abfuit
1377 3245 1532 3345 quin
1556 3245 2043 3344 proclamarem.
2093 3247 2247 3317 Erat
2265 3246 2443 3317 enim
2466 3247 2542 3316 li-

2419 3368 2541 3415 nea

534 3488 1153 3557 annutrimpb'maeinfiss
1165 3492 1495 3557 enormem-‚J
1549 3505 1640 3559 que
1667 3485 1882 3541 transstua
1906 3485 2030 3539 foffae
2058 3489 2184 3541 illius
2214 3506 2313 3557 quae
2341 3503 2532 3557 parvam

507 3548 775 3619 Descriptio
786 3554 1057 3623 Labyrinthi
1070 3573 1168 3608 non
1181 3558 1402 3624 vulgaris.
1545 3566 1747 3610 Romam
1763 3555 1997 3626 cingebat}
2055 3562 2181 3611 Nota
2207 3558 2273 3610 cst
2299 3561 2372 3611 vel
2387 3559 2543 3626 pineti:

576 3635 605 3671 2
643 3621 802 3686 Iisdem
813 3625 993 3688 saeane
1016 3628 1080 3675 εΗ
1089 3626 1228 3694 poetu‘a
1244 3627 1367 3690 sacri
1392 3625 1495 3674 ὠι-
1550 3626 1756 3677 historia.

504 3687 612 3737 tami
636 3689 784 3740 aditus
796 3723 818 3751 ,
847 3691 997 3759 quibus
1013 3699 1207 3744 Romana
1224 3697 1323 3742 olim
1348 3707 1490 3744 trans·
1583 3711 1606 3759 3
1632 3694 1784 3744 lamia
1796 3695 2201 3758 ventrirdusmi
2212 3693 2535 3763 uphem-,J

507 3757 591 3809 deu·
604 3758 773 3824 soffia]
806 3764 926 3811 Tam
953 3756 1231 3825 periculosus
1259 3759 1323 3810 est
1339 3761 1491 3813 aditus
1544 3768 1704 3813 vacuo
1720 3761 1838 3812 cibis
1853 3761 2093 3813 stomacho
2108 3758 2325 3815 somnum
2338 3777 2439 3813 uon
2454 3760 2541 3810 ad·-

507 3822 1495 3896 bujmloci,quamfinitolim1temo,aui12
1546 3832 2018 3898 mittite-‘mutinam-
2345 3907 2370 3946 ι
2409 3899 2482 3950 Β,

2480 3915 2538 3949 '-
