2738 4475
924 227 981 300 P.
1077 254 1125 302 Α
1227 256 1278 307 R
1335 266 1342 270 ·
1382 259 1416 310 s
1534 243 1569 311 I
1591 243 1681 314 V.
2163 271 2242 350 33
2260 279 2303 352 5

236 335 334 407 Sit
347 336 471 407 illis
490 332 837 407 mediocris
854 357 1056 410 terror
1075 339 1112 409 s
1103 367 1137 410 u
1147 344 1987 446 pplicii‚summaparentutn
2011 379 2303 434 reveren-⁶

239 437 350 515 tia,
375 446 446 510 δι
463 434 727 532 semper
742 462 1042 535 quantum
1065 438 1177 511 fibi
1197 446 1386 514 liceat
1410 448 1732 542 ignorent.
1759 456 1940 525 Nam
1971 461 1987 491 ¹
2004 456 2047 527 {i
2069 484 2304 554 procax

234 533 327 604 est
361 536 622 627 alicujus
663 538 970 634 pucritia,
1012 542 1341 641 nimiaque
1378 540 1617 615 ferocia
1657 551 1998 639 exuberat,
2043 579 2198 628 tunc
2218 558 2304 630 fa.

2056 657 2295 730 celsant

1425 740 1460 792 fi
1488 743 1816 810 intempestivo
1849 766 2099 818 parentum
2134 773 2299 812 amore

1312 824 1476 860 ovetur
1489 845 1511 871 ,
1527 812 1578 862 in
1592 814 1769 866 lubrico
1783 818 1865 877 est,
1884 823 1933 870 &
1947 840 2056 874 curn
2074 827 2191 875 vitio
2205 828 2292 877 ad-

1291 874 1467 928 olcscir.
1522 885 1765 934 Parentem
1791 887 1981 942 interim
2016 891 2183 960 agebat
2210 913 2287 949 vc-

1292 946 1482 997 cordem
1496 980 1518 1007 ‚
1554 946 1813 1013 subieaum
1840 955 2098 1011 discrimini
2121 967 2288 1030 pignus

1294 1017 1448 1074 uteri,
1481 1017 1531 1065 δι
1564 1019 1613 1067 in
1645 1022 1777 1072 mille
1804 1028 2012 1091 querelas
2030 1030 2297 1087 identidem

1289 1079 1478 1141 abibat,
1510 1081 1621 1152 sirpe
1647 1092 2014 1156 conquerebatur
2029 1113 2086 1147 co
2100 1098 2282 1152 doloris

1292 1146 1422 1200 sensu
1438 1184 1454 1208 ,
1472 1167 1570 1219 quo
1587 1155 1854 1210 incendium
1865 1160 2137 1217 facultatum
2155 1170 2285 1220 vide·

290 747 314 781 1
353 734 569 800 sipi-aeaut
584 734 645 783 ὁὶ
656 737 827 801 alicujus
838 738 1048 800 pueritie,
1065 738 1226 804 nimie

233 803 483 866 quefencia
496 801 718 858 exuberat,
739 805 1059 871 tuncfaceffant
1069 810 1225 855 «ἐπία-

225 867 387 933 sitista
394 873 646 937 precepta.)
666 869 841 929 Fabius.
866 874 1103 923 tenuiores
1128 876 1226 924 ani—

236 949 351 986 mos
365 967 388 994 ‚
422 940 432 949 '
527 943 532 948 '
565 971 581 994 ,
612 935 671 987 ab
698 940 868 998 iniuria
892 940 1123 992 sanstiras
1139 942 1227 992 do·

235 1005 387 1052 centis
401 956 640 1064 cuiiodiar,
656 1009 706 1057 δι
722 1006 974 1058 ferociores
992 1003 1226 1074 alicentia

233 1072 430 1137 gravitas
447 1072 691 1123 deterreat.
732 1072 809 1124 13st
825 1077 954 1126 enim
971 1077 1224 1144 impunitas

231 1140 449 1204 peccandi
465 1143 654 1193 liuentia
671 1176 689 1199 ‚
722 1144 845 1195 iniis
875 1147 1107 1202 maxime,
1143 1149 1223 1214 qui

230 1206 445 1258 nondum
475 1209 645 1261 ducem
679 1214 914 1263 tationem
957 1211 1222 1282 sequuntur.

175 1265 180 1274 ’
226 1278 384 1338 cnjus
429 1280 493 1327 rei
532 1281 798 1347 exemplum
835 1287 992 1333 Roma
1021 1285 1221 1350 Capito·

229 1343 346 1394 lium
359 1343 489 1396 orbis
508 1362 666 1413 nuper
679 1347 829 1397 dedit.
877 1355 1025 1402 Natus
1055 1366 1156 1402 erat
1169 1368 1226 1402 ex

219 1425 364 1479 gente
377 1413 657 1464 Clariffima
673 1415 943 1468 Posthumus
961 1451 977 1476 ,
993 1435 1142 1474 unum
1155 1423 1234 1471 vi-

220 1479 323 1531 duae
339 1482 551 1549 parentis
567 1481 791 1532 delicium
807 1517 823 1539 ,
857 1485 1045 1534 tandem
1059 1484 1230 1554 suppli—

211 1547 367 1598 cium.
423 1549 629 1598 Reliais
646 1548 840 1600 nucibus
857 1553 952 1612 iam
965 1551 1126 1619 puberi
1140 1557 1232 1626 vir-

221 1628 306 1664 tus
322 1646 340 1671 .
372 1616 426 1663 δι
453 1613 665 1665 studium
692 1617 951 1670 litterarum
976 1622 1234 1678 citrainvi-

226 1679 388 1740 diam,
408 1696 511 1732 non
528 1685 646 1732 eitra
660 1684 859 1751 gloriam
874 1684 978 1737 fuit.
1013 1689 1143 1739 Vidit
1163 1706 1232 1740 ta·-

230 1764 350 1799 men
365 1746 562 1817 sequens
577 1764 688 1802 aetas
707 1757 1042 1821 corruptiorem
1055 1772 1072 1804 ε
1105 1759 1233 1825 quod

226 1815 462 1868 astrorum
493 1816 676 1885 aspectu
706 1823 1030 1875 Mathematici
1057 1825 1231 1895 fignifi-

1291 1232 1382 1275 ret,
1390 1220 1663 1291 clademque
1676 1224 1863 1278 familia
1880 1229 1992 1299 szpe
2003 1236 2145 1286 etiam
2159 1236 2285 1288 Aso-

1293 1298 1368 1336 tus
1403 1286 1503 1353 post
1517 1286 1640 1341 furta
1656 1295 1703 1344 ἀ
1719 1296 1861 1347 caedcs
1877 1301 1985 1368 angi
2000 1302 2287 1359 conscientia

1291 1366 1457 1420 praeter
1482 1353 1670 1411 solitum
1697 1363 1969 1419 videbaturt
2002 1371 2120 1422 adeo
2136 1390 2284 1427 nemo

1295 1436 1470 1472 naturae
1496 1422 1668 1479 semina
1680 1447 1870 1500 repente
1882 1440 2145 1504 opprimite
2177 1459 2291 1510 poe-

1298 1490 1420 1539 nitet
1433 1489 1612 1545 deserta:
1627 1502 1788 1552 matris
1806 1534 1822 1559 ,
1860 1501 1992 1557 suum
2018 1504 2157 1560 scelus
2178 1528 2284 1579 pre-

1296 1558 1386 1606 mit
1398 1573 1505 1611 eum
1520 1561 1671 1625 domi,
1823 1572 1860 1619 it
1872 1569 1991 1624 foris
2008 1610 2024 1633 ,
2041 1575 2198 1629 affidet
2216 1577 2285 1630 se-

1297 1624 1461 1684 denti,
1487 1627 1744 1697 fugientem
1793 1639 1993 1706 eqaitur.
2038 1647 2122 1696 Sed
2139 1664 2281 1700 mene

1298 1694 1476 1746 traduci
1491 1730 1513 1757 ‚
1528 1701 1596 1749 ait
1611 1734 1628 1758 ,
1658 1717 1737 1768 per
1755 1720 1839 1755 ora
1855 1707 2028 1762 civium
2040 1713 2280 1785 lucemque

1297 1764 1423 1828 pati:
1456 1765 1651 1820 demum
1680 1767 1757 1838 spe
1786 1773 2082 1843 indulgentia
2111 1784 2160 1833 δι
2178 1801 2285 1851 pec-

1297 1832 1436 1883 candi
1450 1833 1668 1888 illecebra
1678 1840 1732 1889 in
1745 1844 1962 1909 proprios
1976 1848 2091 1900 lares
2108 1882 2123 1906 ,
2151 1865 2290 1918 atquc

216 1900 465 1937 caverant.
535 1893 664 1938 Dum
699 1891 829 1941 enim
862 1891 1029 1944 insano
1050 1910 1226 2012 ¹parcus
1298 1900 1348 1951 in
1375 1903 1577 1968 gratiam
1605 1909 1769 1960 matris
1796 1926 2073 1976 revocatur,
2101 1923 2289 1985 quarin-

1070 1980 1101 2011 Ο

221 1968 389 2005 amore
416 1950 693 2016 insolescit,
726 1960 826 2007 nati
840 1957 1032 2012 fatalem

218 2021 439 2088 Pythone
451 2023 668 2073 acoerliro
685 2024 971 2091 express‘erat.
1017 2034 1223 2083 Interim

218 2091 303 2140 ille
327 2092 475 2158 plenis
504 2091 629 2159 quafi
644 2095 758 2145 velis
775 2093 873 2144 ibat
887 2129 909 2155 ,
943 2098 993 2147 in
1010 2099 1219 2158 virtutis,

223 2159 481 2226 artiumque

1102 1976 1225 2014 rtem
1293 1965 1478 2035 sperato
1491 1974 1592 2023 nati
1604 1974 1753 2027 reditu
1766 1977 2011 2031 reviviscit.
2059 1986 2287 2039 Redditus

1291 2040 1475 2100 parenti
1506 2056 1644 2093 natus
1674 2048 1924 2098 meliorem
1958 2052 2149 2118 quidem
2162 2057 2287 2112 ,fru-

1284 2120 1393 2170 gem
1425 2111 1666 2178 concipit,
1712 2111 1791 2163 scd
1840 2118 2042 2168 tardiora
2075 2125 2283 2176 remedia

506 2162 811 2227 ingenuarum
834 2163 985 2215 stadio
1003 2183 1105 2217 non
1121 2166 1220 2219 {ine
1285 2170 1431 2237 quam
1449 2179 1570 2226 mala
1587 2175 1690 2230 sunt
1705 2214 1721 2239 ,
1749 2183 2026 2254 ingeniaque
2039 2188 2274 2258 opprcfl'e-

224 2221 419 2279 successu
430 2244 613 2279 currens
629 2266 644 2289 ,
678 2233 729 2281 &t
747 2247 845 2282 tam
863 2232 1101 2287 foelicibus
1120 2235 1216 2287 ini·
1282 2243 1344 2291 ris
1357 2241 1540 2295 facilius
1555 2245 1696 2315 quarn
1711 2258 2014 2306 revocaveris.
2038 2260 2128 2308 lste
2140 2263 2272 2315 enim

229 2294 310 2344 tiis
352 2293 475 2362 spem
503 2301 706 2364 parentis
736 2301 1055 2368 praverrebar.
1121 2306 1213 2357 Sed
1279 2309 1355 2360 vix
1367 2325 1393 2360 a
1422 2327 1552 2378 paret
1567 2312 1656 2368 suis
1670 2334 1776 2369 cum
1791 2321 1999 2388 pestIfera
2014 2332 2273 2395 gregalium

224 2362 303 2413 vix
329 2363 537 2414 adultum
559 2382 788 2418 maturant
803 2372 860 2420 ad
877 2368 1019 2423 scelus
1033 2388 1211 2441 ganeo·

224 2445 342 2481 num
356 2432 723 2490 necessirudines,
745 2453 846 2487 non
859 2442 1086 2491 continuo
1104 2475 1120 2500 ,
1134 2440 1211 2492 sed

223 2512 306 2563 per
348 2497 629 2564 spiramenta
671 2517 935 2571 temporum
954 2539 974 2565 ,
1006 2525 1090 2559 nec
1116 2509 1211 2561 stne

228 2579 407 2630 magno
423 2570 583 2616 marris
601 2569 779 2621 dolore·
804 2575 889 2622 Hic
905 2575 1027 2639 quasi
1041 2577 1100 2626 ad
1113 2594 1215 2628 mc-

234 2643 305 2680 tas
337 2630 463 2682 haesit
488 2636 740 2686 candorem
754 2642 901 2690 attaris
915 2658 1023 2692 cum
1038 2645 1214 2704 indole,

229 2699 461 2765 pudorem
492 2719 598 2752 cum
626 2706 668 2752 cl
730 2709 855 2757 antia
884 2724 1069 2761 morum
1091 2714 1217 2764 labe·

224 2766 430 2819 faRans.
491 2774 679 2821 Etenim
742 2775 1217 2842 landientcjamluxu,

218 2834 500 2889 helluonum
543 2838 816 2909 obsequium
861 2842 1069 2911 supeer
1097 2850 1217 2919 legi,

221 2905 397 2957 nedum
415 2909 623 2973 parentis
639 2925 916 2975 praevertcns
931 2917 1019 2966 aris
1036 2917 1084 2966 δι
1101 2917 1216 2970 focis

219 2972 463 3024 abducitur
491 2978 542 3025 ὃ(
570 2975 874 3048 grass‘atorum
887 2983 948 3033 ad
963 2984 1120 3037 turbas
1136 2989 1217 3039 de-

217 3040 360 3093 fleffit
375 3042 592 3094 hostilem
611 3047 660 3095 in
681 3049 879 3100 modurn
897 3054 1067 3119 praedas
1084 3058 1216 3109 aaa·

223 3123 320 3160 ms.
370 3116 477 3161 Non
505 3127 605 3164 tam
622 3118 787 3168 acriter
803 3120 1024 3171 mordent
1039 3140 1092 3175 ca
1110 3126 1212 3193 qui·

221 3174 314 3228 bus
343 3178 624 3247 stipamurin
640 3184 787 3236 lucem
803 3189 1085 3254 prodeuntes
1106 3208 1214 3245 tan—

218 3260 364 3313 quam
393 3251 591 3299 naturali
623 3249 840 3305 satellitio
854 3273 992 3324 quam
1007 3276 1104 3327 qua:
1119 3262 1214 3313 sso-

215 3329 404 3365 rentem
436 3318 748 3388 intactamque
784 3326 933 3375 vitam
979 3329 1210 3397 affligunt.

214 3385 424 3453 Opimus
443 3382 601 3451 spoliis
616 3421 635 3447 ,
647 3389 773 3442 dives
789 3392 888 3443 alea
905 3429 921 3451 ‚
954 3410 1216 3467 caetcroque

209 3452 317 3502 luxu
332 3451 575 3504 incalescit
592 3473 604 3504 =
632 3473 713 3507 nec
727 3462 824 3510 alea
836 3459 930 3512 fine
944 3462 1043 3514 rixa
1062 3499 1078 3524 ,
1113 3483 1213 3517 non

213 3520 308 3569 rim
336 3520 514 3588 absque
541 3524 712 3578 irarum
739 3531 1017 3593 certamine,
1050 3549 1213 3600 exquo

212 3586 336 3654 pene
356 3590 415 3639 ad
429 3591 599 3641 caedcm
615 3599 904 3647 convertitur
920 3616 932 3647 :
971 3600 1057 3648 Sed
1072 3605 1212 3669 aequis

204 3656 654 3717 tande-mdiscess'um
674 3665 908 3715 manibus.
927 3665 1072 3733 pubes
1087 3684 1213 3719 cerea

205 3725 256 3773 in
276 3727 450 3777 vitium
467 3728 588 3779 fictili
610 3764 625 3787 ,
654 3731 736 3781 ubi
771 3733 968 3783 fraenum
985 3732 1123 3783 semel
1139 3752 1210 3786 ex-

1276 2393 1369 2428 con
1392 2382 1567 2433 uetudo
1581 2382 1720 2454 (quid
1738 2390 1815 2439 illa
1830 2406 1928 2440 non
1944 2398 2141 2462 potem)
2171 2415 2276 2447 ma-

1279 2446 1321 2495 le
1335 2444 1494 2499 sanum
1519 2450 1545 2500 a
1562 2468 1710 2503 matre
1724 2454 1960 2518 abstrahit,
1977 2464 2025 2509 &
2040 2462 2066 2509 a
2084 2480 2276 2528 parente

1275 2516 1506 2582 quidquid
1527 2520 1715 2583 corrasit
1745 2522 1899 2573 statim
1915 2526 2128 2576 effundit.
2185 2537 2280 2593 Lu-

1278 2583 1343 2631 do
1385 2585 1588 2652 luxuque
1614 2587 1832 2654 exprefl'us
1864 2608 1948 2641 nec
1975 2595 2034 2642 ad
2067 2598 2273 2649 Maleam

1279 2648 1459 2711 allisus,
1477 2652 1553 2703 scd
1570 2655 1627 2704 ad
1642 2659 1813 2715 aleam,
1830 2674 1883 2710 ex
1898 2663 1997 2710 alea
2014 2664 2061 2712 in
2082 2679 2274 2717 arenam

1278 2718 1533 2781 descendit,
1544 2726 1700 2785 jactis,
1714 2741 1763 2775 ur
1809 2728 2048 2798 letumque
2063 2731 2135 2790 fit,
2154 2736 2280 2787 inter

1279 2788 1536 2841 ludendum
1551 2794 1749 2844 rixarum
1783 2797 2014 2850 eminibus
2028 2834 2050 2860 ,
2078 2804 2273 2856 tandem

1278 2856 1557 2910 collusorem
1571 2863 1702 2913 credit
1719 2882 1732 2914 ε
1759 2865 1820 2916 fic
1832 2865 2092 2921 effrenatus
2112 2873 2280 2935 juven-

1275 2936 1333 2974 tae
1360 2925 1492 2978 furor
1522 2931 1799 2998 impunitate
1814 2936 1952 2987 alitur
1968 2939 2150 3006 ingenti
2166 2959 2271 3008 pec·

1274 2995 1411 3045 candi
1429 2998 1651 3050 illecebri.
1670 3003 1893 3054 Nondum
1909 3006 2051 3055 caedcs
2070 3008 2118 3055 in
2136 3024 2274 3058 com-

1274 3076 1426 3127 perto.
1482 3069 1632 3117 Placet
1659 3068 1811 3120 insciae
1827 3075 2099 3123 certaminis
2116 3090 2168 3123 ac
2184 3092 2269 3124 ne·

1274 3132 1339 3181 cis
1378 3137 1516 3183 matri
1546 3134 1779 3187 effraenem
1811 3139 2025 3189 indolem
2057 3141 2273 3194 custodie

1275 3204 1503 3269 repagulis
1520 3218 1757 3267 premere:
1800 3208 1977 3253 nullam
1996 3222 2068 3255 res
2085 3224 2271 3263 moram

1274 3270 1479 3332 patitur:
1538 3283 1745 3319 attamen
1775 3273 1901 3321 illico
1940 3287 2101 3339 praeter
2144 3274 2271 3347 spem

1277 3338 1442 3384 matris
1459 3369 1473 3391 ,
1491 3335 1771 3387 accusatores
1787 3338 2018 3393 confluere
2034 3346 2111 3411 qui
2126 3346 2271 3402 foedis

1278 3403 1328 3451 in
1363 3401 1564 3452 Asotum
1614 3406 1775 3453 ardent
1822 3410 2229 3469 criminationibus
2251 3453 2269 3477 ,

1272 3471 1474 3520 emicare
1500 3473 1551 3521 in
1578 3470 1734 3521 forum
1764 3474 1973 3539 iudices,
2000 3483 2080 3549 qui
2096 3487 2270 3538 ultimo

1275 3535 1500 3603 supplicio
1551 3555 1683 3590 reum
1733 3542 1995 3609 damnant,
2029 3550 2176 3604 defixi
2208 3556 2268 3605 ad

1275 3603 1478 3655 subitum
1510 3606 1772 3659 monstrum
1802 3614 1901 3677 plus
1919 3632 2057 3682 quam
2083 3622 2145 3672 ad
2161 3629 2271 3673 Me·-

1274 3672 1435 3723 dusnn
1453 3682 1621 3731 matre,
1649 3691 1744 3745 qux
1760 3693 1952 3731 omnem
1969 3681 2123 3739 salutis
2139 3694 2268 3740 viam

1270 3739 1435 3790 frustra
1451 3744 1672 3792 emolitur
1692 3761 1706 3791 t
1742 3746 1951 3799 miscetur
1961 3756 2089 3805 enim
2106 3760 2269 3809 civitas

194 3791 346 3854 cullit,
365 3798 416 3848 in
432 3813 573 3867 quem
588 3813 695 3851 non
711 3803 935 3870 impingit
951 3798 1210 3870 scopulum}
1274 3812 1523 3862 contrariis
1537 3808 1716 3870 studiis,
1741 3815 1791 3864 δι
1804 3832 1892 3884 pro
1906 3817 1951 3872 se
1964 3823 2154 3895 quisque
2166 3825 2269 3885 opi-

2191 3888 2278 3938 bus
