2738 4475
430 218 580 317 506
909 219 1423 292 EurnonM.
1474 221 1989 292 Sarritor

424 338 657 408 litterae
675 351 857 407 erant
883 339 1017 409 ludi
1034 340 1287 438 otiique
1304 339 1677 411 libertatem
1692 325 1980 410 amanti:
2037 359 2181 407 cum
2206 357 2375 407 ecce
2400 334 2505 413 a!

421 435 602 507 idem
621 434 931 533 oppidum
955 435 1125 510 forte
1142 458 1431 510 matrona
1452 437 1693 511 nobilis
1707 496 1728 522 ‚
1756 464 1904 510 cum
1922 435 2162 509 duabus
2177 460 2249 507 ex
2272 434 2341 507 se
2360 460 2489 508 na-

424 533 512 606 tis
529 535 1201 634 virginibus‚divertit;
1222 546 1285 611 δι
1307 540 1613 638 quoniam
1635 537 2040 612 necessitudo
2059 539 2220 609 inter
2232 556 2487 608 utram-

423 657 552 806 ?ue
579 629 889 707 familiam
913 655 1087 721 erat,‘
1128 637 1340 711 statim
1361 637 1482 710 iste
1497 641 1566 710 in
1584 637 2013 711 diversorium
2036 637 2305 710 mulieris
2323 682 2346 719 ‚
2388 634 2479 708 ad

453 734 817 805 alutationis
834 735 1128 810 officium
1147 781 1171 817 ‚
1193 737 1546 834 deducitur.
1624 743 1788 811 Nec
1808 764 1986 812 mora
2004 797 2026 824 ,
2053 763 2206 810 cum
2222 738 2471 808 alteram

424 857 506 905 ex
531 834 759 930 puellis
776 834 1086 908 intentius
1109 840 1361 919 mirari,
1399 865 1553 910 mox
1577 837 1898 912 inhaerere
1917 834 2323 910 sermonibus
2342 893 2361 920 ,
2396 834 2475 906 ad

424 943 792 1007 extremum
811 936 1047 1009 eodem
1068 933 1204 1036 ipso
1223 941 1334 1010 die
1348 940 1643 1012 effliffim
1662 964 1897 1012 amare.
1966 943 2150 1009 Tum
2192 938 2486 1033 primum

422 1031 599 1105 rudis
621 1041 689 1107 &
709 1031 948 1107 solutus
978 1039 1220 1109 animus
1239 1038 1317 1112 ad
1338 1063 1516 1110 curas
1535 1038 1789 1112 adastus
1807 1037 1923 1108 est.
1954 1039 2185 1134 Itaque
2200 1033 2488 1131 postero

424 1131 533 1205 die
549 1136 786 1232 repetit
801 1136 1014 1235 ignoti
1034 1139 1308 1209 vulneris
1325 1134 1646 1210 conscium
1663 1139 1901 1216 locum,
1918 1142 1986 1208 &
2004 1160 2056 1206 ae
2140 1132 2479 1203 'tudinem

423 1229 598 1305 suam
617 1233 725 1304 diu
745 1237 1075 1332 protrafito
1089 1240 1428 1338 colloquio
1442 1239 1521 1308 ita
1539 1237 1743 1336 pavit,
1776 1257 1845 1306 ut
1880 1234 2026 1306 dein
2070 1256 2111 1304 e
2124 1233 2317 1329 pejus
2338 1228 2474 1301 do-

423 1334 608 1406 leret.
679 1337 861 1409 Nam
884 1356 952 1407 ut
968 1338 1194 1409 tertius
1214 1337 1352 1409 dies
1375 1339 1573 1411 illuxit
1591 1387 1615 1422 ,
1655 1338 1948 1409 Matrona
1964 1358 2105 1406 cum
2123 1331 2320 1408 omui
2339 1351 2472 1401 co-

420 1431 652 1523 mitatu
694 1429 984 1531 profefia
1027 1435 1197 1533 pene
1231 1439 1454 1512 vivum
1476 1433 1996 1511 adolescentulum
2015 1456 2148 1505 non
2161 1429 2469 1528 reliquit,

418 1532 551 1612 cui,
569 1556 654 1603 ne
671 1534 928 1634 aliquod
947 1531 1240 1610 solatium
1258 1538 1527 1610 haberet
1545 1590 1573 1627 ‚
1623 1535 2035 1636 premendum
2049 1553 2304 1633 quoque
2317 1548 2463 1600 ctat

420 1632 592 1703 tanti
609 1633 896 1706 incendii
916 1639 1155 1709 malum
1171 1691 1190 1719 ‚
1213 1655 1299 1710 'ne
1319 1640 1421 1711 vel
1446 1639 1735 1737 parentis
1752 1634 2158 1736 supercilium
2176 1647 2481 1729 cogeret,

421 1732 530 1804 vel
546 1732 714 1804 inter
731 1737 999 1834 aequales
1021 1737 1474 1810 traduceretur.
1532 1740 1681 1811 Diu
1699 1740 1865 1809 intra
1882 1733 1945 1807 se
1962 1732 2246 1805 colle&
2264 1726 2480 1801 consi-

419 1829 519 1903 lio
536 1878 561 1914 ,
614 1832 774 1906 nihil
813 1836 1030 1908 utilius
1053 1837 1215 1910 vidit
1231 1893 1250 1922 ,
1291 1862 1486 1938 quam
1501 1859 1573 1908 ut
1590 1835 1818 1909 studiis
1838 1837 2162 1907 literarum
2176 1850 2358 1902 totus
2373 1829 2473 1900 in·

422 1931 795 2007 cumberet:
847 1936 937 2007 ita
1018 1937 1077 2008 ui
1085 1960 1210 2036 ppe
1241 1958 1575 2036 parentem
1611 1934 1945 2009 conciliari
1975 1932 2090 2005 fibi
2108 1929 2290 2030 posse
2292 1925 2470 2101 :aqui

421 2054 560 2104 non
580 2053 773 2107 tantae
792 2035 860 2107 in
879 1964 1099 2108 studiis
1117 2037 1470 2139 diligentiae
1486 2035 1663 2109 suum
1684 2035 1902 2108 ludum
1920 2053 2270 2133 negaturus
2339 2029 2352 2043 '
2435 2068 2472 2084 ·

423 2126 623 2204 batur.
650 2132 763 2205 Ab
780 2132 905 2207 hoc
925 2137 1143 2234 igitur,
1164 2138 1230 2208 in
1251 2137 1427 2211 reete
1447 2136 1751 2208 collocati
1766 2136 2086 2232 temporis
2109 2130 2472 2230 praemium,

419 2231 676 2305 veniam
692 2257 955 2306 exorare
977 2235 1276 2309 statuerat
1298 2295 1317 2323 ,
1359 2234 1598 2309 visendi
1613 2234 1941 2307 celebrem
1963 2235 2033 2306 in
2053 2232 2360 2333 proximo
2370 2254 2470 2300 ur·

417 2323 593 2401 bem.
641 2334 736 2429 Ea
755 2335 972 2406 eratin
994 2362 1116 2435 qua
1136 2341 1346 2435 puella
1364 2334 1705 2409 habitabat.
1739 2339 1914 2410 Haec
1935 2358 2075 2406 non
2092 2328 2462 2432 perfundan-

417 2431 515 2505 tie
533 2432 913 2531 agitantem,
935 2443 1216 2511 maxime
1238 2460 1674 2538 praeceptooes
1688 2493 1707 2521 ,
1730 2431 2134 2536 aequalesque
2152 2479 2175 2515 ‚
2212 2427 2411 2503 mirari
2426 2450 2459 2514 3

418 2528 815 2637 subindeque
832 2540 1152 2638 requirere
1172 2584 1193 2625 ,
1219 2564 1359 2639 quae
1376 2539 1487 2609 illa
1504 2537 1703 2610 animi
1723 2535 2002 2607 mutatio
2015 2591 2038 2620 ‚
2064 2535 2206 2633 quis
2223 2526 2453 2600 subitus

421 2631 504 2704 ad
520 2635 735 2708 literas
752 2637 960 2719 ardor,
983 2640 1170 2736 paulo
1190 2660 1339 2710 ante
1353 2634 1563 2736 ipsum
1584 2634 1866 2708 scientiae
1883 2657 2127 2707 nomen
2147 2623 2467 2705 fastidiose

420 2731 806 2804 damnantis.
881 2739 1146 2835 Qippe
1181 2737 1387 2811 adhuc
1414 2733 1886 2837 quiescentibus
1905 2733 2151 2809 caeteris
2172 2734 2244 2803 in
2263 2727 2475 2800 studia

417 2826 710 2927 surgebat
726 2880 747 2915 ,
767 2856 886 2905 nec
907 2835 1092 2907 aliter
1105 2860 1297 2934 quam
1315 2835 1540 2935 saepius
1556 2835 1742 2931 jussus
1761 2828 2082 2908 secedebat
2100 2831 2179 2902 ad
2197 2829 2456 2899 ludum.

418 2929 686 3001 Amoris
709 2932 1019 3031 impetus,
1039 2938 1141 3006 cui
1164 2935 1301 3009 baec
1326 2937 1666 3038 diligentia
1687 2936 1958 3013 dabatur,
1977 2935 2062 3002 ita
2079 2924 2326 2999 sensum
2343 2925 2447 2991 la-

418 3026 654 3104 borum
674 3032 1010 3133 mitigabat
1037 3086 1061 3122 ‚
1096 3036 1187 3107 ita
1223 3035 1442 3109 Musas
1478 3037 1823 3110 adornabat
1837 3081 1857 3117 ,
1907 3051 1969 3101 ut
2003 3052 2119 3102 nec
2140 3023 2455 3125 cogitans

416 3152 577 3227 puer
592 3131 840 3206 illarum
859 3132 1195 3208 dulcedine
1215 3156 1570 3234 caperetur.
1645 3141 1807 3210 Mox
1821 3191 1840 3220 ,
1875 3152 1941 3203 ut
1956 3126 2113 3202 solet
2128 3175 2153 3210 2
2182 3128 2259 3197 'm
2279 3119 2460 3216 elus·

419 3230 606 3300 modi
624 3235 937 3331 proecipue
961 3238 1142 3309 annis
1162 3287 1184 3320 ‚
1225 3261 1371 3308 cum
1392 3240 1785 3333 conceptum
1799 3233 1878 3306 de
1898 3231 2098 3333 puella
2112 3226 2467 3323 judicium,

384 3389 390 3394 .
423 3330 494 3398 δε
513 3332 818 3441 quicquid
834 3335 945 3404 ille
966 3338 1136 3435 ignis
1154 3333 1493 3407 insanienti
1512 3333 1864 3428 subjecerat
1883 3393 1905 3420 ,
1922 3331 2218 3432 longiore
2238 3324 2466 3399 absen-

420 3426 512 3497 tia
527 3451 659 3517 jam
678 3451 966 3529 torperet
985 3483 1010 3520 ‚
1028 3434 1204 3508 haefit
1225 3438 1386 3506 acris
1403 3435 1639 3507 sciendi
1661 3435 1978 3533 cupiditas
1999 3464 2022 3520 3
2064 3439 2133 3504 &
2154 3428 2291 3527 ipse
2306 3424 2474 3497 libe·

417 3524 649 3595 talibus
688 3527 956 3603 stimulis
991 3530 1268 3607 serviens
1302 3534 1465 3605 adeo
1497 3536 1566 3606 in
1587 3532 1725 3608 haec
1753 3529 2080 3607 Musarum
2102 3528 2306 3601 studia
2326 3521 2473 3596 sub·

420 3626 643 3737 vestus
662 3625 757 3699 est
774 3677 800 3717 ,
832 3650 900 3702 ut
934 3632 1172 3707 deinde
1208 3635 1439 3707 litterae
1471 3633 1618 3707 huic
1634 3635 1833 3707 etiam
1854 3657 1985 3705 non
2004 3654 2207 3731 pauca
2221 3623 2479 3701 dehac,

422 3743 578 3802 tint.
2462 3742 2471 3757 '

570 3817 575 3821 ’
2223 3822 2485 3896 Carte-
