2738 4475
472 208 569 304 54
936 190 2031 281 Eur-horem.smv'111c1

667 328 916 401 Fulmen
932 325 1143 396 cudere
1156 318 1717 395 Mulciber'ronaenti'
1726 355 1754 418 3

674 439 753 497 Et
773 452 873 496 nos
889 423 1166 517 infimiles
1184 425 1355 511 bonus
1372 426 1636 495 revolvat

682 525 972 598 Minantis
981 525 1189 616 pluvia
1211 527 1390 593 timor
1405 545 1685 594 cavernas
1701 570 1736 607 ,ἱ

664 637 787 697 Hoc
791 624 1015 718 semper
1026 627 1211 714 pretio
1229 679 1249 713 ,
1306 625 1390 691 dii
1408 625 1633 717 deeque
1646 618 1678 707 ,'

668 723 848 817 Pejus
872 722 1176 816 Theffizlico
1185 719 1392 814 furare
1407 746 1639 795 carmen

672 823 867 917 Pulfir
888 834 1142 893 Tartara
1152 824 1552 928 pallidumque
1563 826 1805 896 nostem.

462 917 794 1020 Praecipue
836 932 1066 996 Percas
1099 971 1121 1002 .
1166 920 1568 994 muliebrium
1602 921 1842 994 astuum
1879 921 2279 1020 nequaquam
2318 921 2521 998 inex-

464 1044 680 1120 pertus
699 1069 722 1104 ,
756 1042 860 1094 tot
890 1020 1219 1092 blanditiis
1254 1021 1598 1092 mulierem.
1628 1041 1852 1099 onerat
1873 1066 1896 1101 ,
1934 1042 2004 1090 ut
2022 1042 2149 1091 non
2171 1042 2320 1091 ante
2339 1049 2506 1095 con·

462 1117 798 1194 surrexerit
819 1166 841 1203 ,
877 1146 1067 1220 quam
1102 1117 1364 1209 solidam
1403 1120 1797 1216 voluptatem
1817 1117 2034 1193 ferret.
2085 1123 2232 1220 Ego
2252 1120 2509 1207 rudior,

464 1242 532 1293 ut
548 1219 646 1291 bis
667 1243 897 1322 terque
908 1219 1273 1319 virguncula
1289 1242 1427 1290 mea
1445 1218 1649 1291 verbis
1666 1218 1838 1290 inter
1852 1217 2042 1291 risum
2062 1220 2348 1318 iramque
2367 1241 2516 1292 tre-

464 1318 793 1392 mentibus
831 1316 1130 1403 desaevit‚
1190 1315 1431 1390 tristem
1470 1314 1861 1416 pudibundus
1896 1318 2238 1391 νίἂοτίαηι
2278 1319 2514 1392 invitae

465 1416 776 1491 conceffi.
830 1420 969 1512 1am
987 1417 1255 1493 deflerat
1274 1413 1557 1505 fulminis
1573 1412 1802 1489 horror
1816 1464 1839 1498 ‚
1860 1418 1988 1507 jam
2004 1441 2238 1516 repens
2254 1414 2510 1490 ceffan-

464 1518 635 1589 tibus
674 1520 882 1592 ventis
915 1518 1341 1618 tranquillitas
1378 1514 1484 1586 ma
1531 1518 1585 1586 ’s
1618 1512 2020 1590 formidabile
2035 1537 2287 1589 antrum
2308 1513 2516 1589 facie-

466 1616 616 1700 bat,
657 1641 803 1690 cum
835 1615 902 1690 se
937 1618 1164 1690 Percas
1196 1615 1445 1688 itineris
1483 1541 1715 1688 {utem
1799 1616 2062 1697 tabuit,
2102 1612 2514 1714 &speluncae

466 1712 780 1791 anfractus
800 1714 1198 1791 subtiliffime
1214 1714 1610 1819 distinguens
1627 1736 1735 1787 tan
1783 1740 1888 1787 em
1909 1717 1978 1787 in
1997 1714 2239 1788 aditum
2276 1716 2514 1812 perdu-

467 1817 588 1890 xit.
640 1814 747 1886 ubi
783 1815 1121 1919 postquam
1158 1817 1458 1888 mulieres
1497 1817 1710 1888 valere
1729 1813 2056 1904 juffimus,
2096 1814 2400 1912 quoniam
2422 1817 2514 1884 ti-

468 1914 737 1988 mebant
754 1936 839 1988 ne
854 1913 1258 2016 deprehensa:
1281 1911 1566 1986 facerent
1586 1911 1918 2013 suspicioni
1934 1915 2146 1984 locum
2165 1958 2189 1997 ,
2228 1936 2361 1981 non
2376 1912 2512 1983 im-

469 2014 656 2113 pigre
674 2014 1047 2105 divertimur
1070 2015 1136 2083 in
1155 2013 1342 2084 aliam
1365 2033 1639 2110 partem.

571 2109 744 2181 Mihi
780 2128 992 2183 autem
1029 2108 1284 2186 suffusus
1318 2111 1509 2183 rubor
1530 2159 1552 2195 ,
1591 2108 1899 2210 sudorque
1916 2129 2062 2181 toto
2080 2106 2302 2207 paffim
2322 2108 2506 2182 vultu
2582 2117 2595 2139 '‘

468 2205 817 2300 deciderat.
870 2235 1062 2312 quem
1103 2209 1483 2296 verecundia
1518 2232 1878 2290 extortum,
1924 2233 2069 2281 cum
2106 2209 2225 2280 alia
2256 2207 2515 2283 ratione

468 2308 744 2406 exprimi
780 2309 1008 2381 Percas
1041 2311 1368 2383 crederet:
1408 2307 1471 2384 se
1509 2337 1661 2384 vero
1678 2307 2117 2382 fortitudinem
2138 2332 2351 2379 meam
2369 2310 2513 2379 lau-

469 2405 619 2479 dare
633 2405 797 2479 dixit
812 2454 834 2490 ‚
877 2407 1127 2482 suadere
1149 2425 1363 2482 tamen
1385 2414 1620 2484 utalias
1638 2404 2224 2509 parcereminsueto
2243 2406 2343 2478 his
2358 2407 2514 2481 offi-

466 2506 587 2577 ciis
621 2511 903 2605 corpori.
953 2508 1135 2603 Qid
1154 2512 1330 2582 enim
1355 2507 1398 2580 fi
1420 2534 1620 2582 novus
1643 2560 1669 2595 ‚
1704 2510 1915 2610 inquit
1933 2567 1955 2594 ,
1989 2506 2202 2579 imber
2221 2532 2339 2579 nos
2358 2507 2427 2578 in
2443 2504 2519 2577 st-

472 2607 697 2679 milem
734 2606 1097 2706 speluncam
1135 2607 1545 2682 detruderet?
1579 2611 1732 2706 quid
1771 2610 1815 2680 fi
1854 2605 2055 2681 rursus
2077 2605 2353 2684 ineunda
2370 2625 2516 2678 cum

469 2705 736 2806 integris
773 2714 843 2779 δε
882 2709 1243 2781 valentibus
1280 2710 1537 2808 pugna?
1572 2707 1857 2778 Pudebat
1893 2705 2284 2804 probitatem
2304 2729 2515 2777 meam

473 2805 806 2877 traducere
828 2835 862 2889 ,·
886 2803 990 2880 sed
1029 2816 1096 2879 &
1132 2807 1490 2882 remedium
1526 2808 1592 2877 in
1631 2803 2060 2878 ssmiles·casus
2083 2803 2279 2899 quaeri
2298 2803 2516 2898 place-

470 2898 603 2973 bat.
655 2910 920 3006 Itaque‚
957 2903 1206 2979 Nescio
1226 2964 1247 2993 ,
1286 2909 1547 3006 inquam
1565 2953 1591 2992 ,
1611 2905 1765 3004 quid
1782 2901 2105 2975 existimes
2124 2899 2205 2970 de
2228 2922 2366 2969 mea
2388 2894 2522 2970 for·

471 3004 886 3079 titudinezsed
905 3009 1286 3108 importunae
1312 3003 1597 3079 foeminae
1619 3000 1943 3103 plusquam
1965 2997 2289 3072 muliebris
2312 2998 2512 3095 perti-

474 3107 655 3177 nacia
692 3108 779 3178 ita
816 3133 994 3181 meos
1029 3130 1296 3179 conatus
1328 3103 1589 3203 infregit
1609 3154 1634 3189 ‚
1673 3126 1740 3175 ut
1763 3103 1973 3173 virum
1994 3121 2100 3170 me
2118 3121 2251 3168 non
2277 3118 2510 3194 potue-

473 3201 596 3275 rim
637 3205 999 3280 ostendere.
1066 3210 1233 3281 Non
1268 3196 1715 3306 persuadebam
1756 3198 2044 3272 Percanti
2078 3189 2340 3294 pudoris
2381 3191 2509 3268 mei

472 3303 853 3380 modestiam
878 3339 902 3402 3
929 3331 1001 3379 ac
1083 3306 1374 3406 ostquam
1397 3301 1694 3401 religiose
1711 3297 1972 3392 jurando
1993 3286 2191 3368 fidem
2212 3292 2377 3379 feci‘,
2418 3294 2513 3365 di·

473 3398 660 3473 xiffes
682 3405 913 3478 iterum
934 3407 998 3477 in
1021 3334 1384 3504 (gelancafn
1403 3391 1791 3474 descendisse
1812 3444 1834 3480 ‚
1857 3399 1921 3472 δι
1947 3391 2307 3496 Hypogaeae
2328 3394 2505 3465 sactis

475 3505 895 3576 conterritum
928 3530 1094 3602 pene
1122 3505 1404 3582 effluenti
1424 3501 1643 3572 animo
1659 3498 1884 3600 linqui.
1944 3495 2212 3569 Deinde
2232 3516 2299 3567 ut
2320 3492 2517 3566 admi·

470 3601 791 3686 „rationem
813 3605 881 3676 in
898 3605 1088 3676 risum
1111 3604 1301 3674 vertit
1324 3625 1344 3671 t
1383 3599 1555 3675 Mihi
1573 3619 1765 3686 vero,
1803 3601 1869 3670 in
1920 3598 2013 3668 uit
2038 3637 2060 3675 2
2091 3594 2244 3695 quid
2263 3592 2515 3674 accidit,

474 3690 841 3799 {emihomo
859 3691 1242 3853 helliffimei
1264 3724 1401 3778 uon
1416 3697 1663 3777 eadem
1679 3721 1862 3776 arces
2013 3718 2129 3775 unt
2151 3715 2515 3863 “pagani
