2738 4475
96 1712 111 1731 ,
251 1653 525 1730 cognovit
540 1691 557 1717 ,
574 1655 673 1730 qui
688 1654 891 1728 stupor,
912 1657 968 1713 δι
984 1651 1303 1730 amplexus!
1338 1653 1445 1711 hau

852 240 1744 348 Pansv1.'
2145 279 2293 375 ⁶67

248 397 537 458 accersitur
554 421 571 465 3
600 406 882 474 pepererat
907 394 1062 452 enim
1094 393 1187 451 illa
1203 395 1322 451 viro
1354 394 1527 453 inscio
1568 393 1876 453 masculum
1899 415 1913 451 ι
1948 398 2153 456 Comes
2165 402 2292 478 plus

254 494 414 555 aequo
446 479 511 534 ad
545 474 881 534 credendum
902 472 1076 530 facilis
1096 511 1112 536 ,
1142 472 1258 532 fato
1276 475 1465 531 uxoris
1483 472 1802 532 fideliffimae
1819 492 1991 549 ocyus
2006 496 2175 553 quam
2194 500 2287 555 par

251 557 363 615 fuit
378 595 394 617 .
423 554 664 614 inaudita
681 551 835 610 causa
850 550 1151 609 subscribit.
1194 557 1386 628 Itaque
1401 554 1459 609 in
1482 569 1750 629 praerupta
1764 572 1826 609 ru
1835 572 1900 628 pe
1913 552 2009 610 illa
2027 560 2294 618 immunis

251 633 286 693 xl
298 636 538 692 crimine
554 651 683 690 cum
701 631 845 690 foetu
862 632 1177 707 exponitur.
1232 630 1390 702 Quid
1408 631 1666 688 moliatur
1683 630 1910 688 infoelix
1929 632 2133 689 mulier
2151 637 2293 694 inter

176 746 183 752 -
253 725 342 769 tot
359 711 625 771 saevientis
643 712 896 768 Fortunae
911 709 1183 767 ludibria?
1213 707 1314 766 llla
1344 728 1458 766 non
1489 723 1602 767 tam
1633 708 1781 767 suam
1815 727 1982 785 quam
1998 712 2197 771 sobolis
2215 718 2295 772 vi-

250 808 382 848 cem
401 791 570 849 dolet.
613 788 886 847 Inaudivit
902 808 1016 847 non
1031 787 1229 865 procul
1242 788 1417 846 abesse
1432 786 1737 852 Praesulem,
1756 794 1811 849 δε
1829 790 1978 845 hunc
1998 792 2054 847 in
2072 790 2297 852 miseros

250 887 501 946 pronum
519 889 531 925 ε
574 870 764 940 animo
788 864 935 927 sedet
964 885 1095 926 eum
1127 884 1226 942 per
1253 866 1459 925 litteras
1475 867 1543 924 de
1557 866 1650 925 sua
1661 866 1973 926 calamitate
1988 869 2166 929 facere
2181 891 2296 930 cer-

254 949 480 1005 tiorem.
532 946 780 1005 confilio
797 945 1074 1022 respondit
1087 947 1280 1004 exitus.
1321 948 1391 1004 Et
1406 947 1653 1021 primum
1672 946 1899 1023 quidem
1920 947 2116 1006 Praesul
2129 970 2295 1008 revo-

251 1026 372 1085 luta
384 1046 504 1084 cera
522 1067 538 1092 .
564 1026 630 1084 ad
664 1023 941 1085 insuetum
974 1024 1184 1084 facinus
1214 1024 1512 1102 obtorpere
1529 1065 1547 1091 ‚
1575 1026 1642 1083 ad
1673 1025 1952 1083 honestam
1975 1027 2291 1106 Principem

252 1106 539 1173 accedere3
575 1107 927 1182 quantumin
947 1103 1000 1162 se
1022 1105 1126 1164 est,
1166 1121 1331 1179 opem
1351 1104 1516 1161 ferre.
1572 1108 1622 1162 Is
1637 1104 1906 1178 assumpto
1920 1101 2102 1163 secum
2126 1127 2296 1183 puero

253 1185 506 1242 nondum
525 1185 876 1261 quinquenni
892 1223 908 1248 ,
924 1225 929 1230 ·
943 1202 1056 1240 non
1078 1184 1324 1259 ineptam
1343 1182 1638 1240 domicilio
1653 1185 1713 1240 in
1728 1183 2042 1259 speluncam
2061 1185 2301 1248 recludit

256 1276 493 1319 matrem
512 1302 529 1328 ,
558 1280 680 1339 quae
695 1282 808 1320 non
836 1262 945 1320 alio
977 1263 1125 1321 viciu
1157 1280 1326 1339 quam
1346 1262 1705 1341 leguminum
1724 1263 1892 1319 vitam
1910 1276 2192 1341 utcunque
2208 1266 2294 1324 su·

244 1340 530 1399 ssentabat.
574 1342 727 1413 Quid
746 1341 934 1417 plura?
976 1340 1210 1398 Adultus
1222 1358 1357 1416 puer
1375 1342 1432 1398 in
1453 1339 1699 1399 Praesulis
1714 1338 1830 1398 {inu
1850 1359 2014 1406 ,cum
2036 1345 2293 1404 Nutritio

247 1419 430 1477 aulam
446 1422 689 1478 Comitis
702 1422 876 1497 coepit
896 1418 1168 1476 celebrare
1183 1456 1199 1481 .
1231 1420 1325 1474 cui
1354 1436 1552 1475 arcano
1583 1432 1789 1476 naturae
1817 1438 2106 1498 nunquam
2126 1442 2292 1482 men-

246 1499 439 1555 tientis
455 1498 714 1555 instinEku
733 1534 750 1557 .
772 1500 843 1555 fic
857 1499 915 1553 in
930 1495 1138 1553 deliciis
1155 1494 1263 1554 fuit
1276 1536 1294 1562 ‚
1309 1512 1375 1554 ut
1388 1516 1520 1553 eum
1542 1495 1639 1554 fibi
1658 1500 1930 1556 continuo
1942 1499 2290 1562 adhaesurum

247 1573 415 1632 enixe
432 1573 709 1651 posceret:
755 1574 965 1633 Deinde
979 1593 1153 1651 genus
1170 1576 1332 1632 anxie
1347 1575 1668 1709 perquirens
1683 1616 1700 1641 ‚
1718 1577 1811 1635 ubi
1832 1576 2014 1636 filium
2029 1577 2189 1638 suum
2206 1601 2294 1638 re-
2317 1594 2336 1604 ‘

1502 1672 1674 1720 mora,
1693 1657 1992 1734 conjugem
2013 1676 2183 1735 quam
2203 1659 2292 1717 su-

252 1733 534 1807 perstitem
553 1770 570 1796 ‚
607 1735 663 1790 &
681 1733 863 1790 inustae
876 1730 1007 1788 labis
1025 1733 1345 1790 immunem
1362 1730 1629 1810 intelligit
1645 1773 1661 1798 .
1690 1734 1841 1792 adire
1857 1775 1873 1800 ,
1915 1739 1970 1794 &
1986 1735 2055 1793 de
2069 1737 2293 1815 impru-

252 1809 405 1867 denti
427 1807 524 1866 sus
551 1810 734 1867 icione
747 1821 941 1889 rogare
960 1811 1209 1877 veniam3
1256 1810 1423 1888 atque
1453 1823 1517 1869 ut
1540 1812 1745 1869 rediret
1761 1813 2122 1872 vehementer
2136 1816 2290 1875 obse·

252 1905 422 1946 crare.
465 1889 506 1945 11
531 1908 562 1946 a
579 1904 769 1946 contra
784 1891 1032 1966 quinque
1048 1889 1267 1946 dierum
1286 1890 1529 1948 inducias
1544 1890 1827 1965 postulare.
1895 1895 2048 1950 Tum
2082 1896 2295 1953 Comes

247 1964 552 2025 leffiffimae
569 1967 799 2044 conjugi
814 1967 997 2025 aulam
1016 1967 1294 2031 destinare,
1307 1968 1639 2027 domesticos
1654 1970 1935 2028 adornare.
1974 1973 2077 2028 Sed
2095 1969 2185 2031 illa
2200 1993 2299 2032 an-

246 2060 455 2103 nuente
485 2046 636 2102 votis
670 2044 817 2102 coelo
845 2047 1049 2104 interea
1081 2045 1197 2103 fato
1225 2045 1385 2124 fungi
1405 2087 1421 2112 ,
1452 2064 1570 2103 non
1602 2049 1714 2106 fine
1745 2050 1959 2125 ingenti
1974 2050 2146 2107 totius
2159 2052 2295 2111 aula:

249 2122 422 2181 luCtu.
472 2125 794 2183 Demortuae
806 2123 1037 2182 demum
1055 2124 1360 2182 redduntur
1378 2124 1586 2183 inferia:
1601 2146 1733 2184 cum
1753 2144 1964 2203 pompa
1978 2126 2218 2196 funebri,
2235 2134 2295 2188 δι’,

251 2203 516 2279 epicedi0.
578 2202 877 2279 Postquam
894 2201 1017 2262 fitis
1034 2201 1306 2282 superque
1324 2203 1580 2262 manibus
1593 2218 1940 2283 parentatum
1957 2206 2035 2263 est
2053 2247 2069 2272 ,
2084 2209 2292 2270 Cmnes

248 2281 552 2358 justiffimis
568 2283 737 2339 minis
749 2283 808 2339 in
823 2281 1282 2340 calumniatorem
1300 2283 1583 2341 invehitur
1599 2322 1615 2344 .
1647 2299 1891 2342 mortem
1908 2285 2150 2346 intentat
2165 2290 2291 2346 vin·

245 2360 405 2418 difflue
417 2359 675 2435 cupidine
694 2399 711 2425 ,
732 2360 1084 2418 multandum
1105 2361 1303 2419 ultima
1318 2379 1484 2437 poena
1499 2362 1767 2419 decernit.

333 2437 565 2495 Ultimae
578 2454 756 2511 poenae
773 2438 1100 2494 destinatum
1118 2440 1414 2496 hominem
1436 2437 1579 2496 filius
1595 2442 1838 2498 Comitis
1855 2441 2086 2500 vixdum
2120 2445 2290 2520 quin·

249 2514 435 2574 decim
454 2531 731 2571 annorum
750 2526 902 2588 patre
915 2514 1137 2570 tandem
1154 2514 1531 2572 consentiente
1546 2533 1811 2590 provocat
1829 2521 1886 2574 in
1903 2519 2290 2580 catadromum

249 2593 412 2669 supra
427 2606 646 2649 aetatem
664 2589 822 2647 fortis
840 2628 857 2654 ‚
887 2608 1002 2667 quo
1033 2593 1224 2648 matris
1240 2592 1617 2668 integritatem
1638 2597 1693 2651 δε
1706 2594 1937 2669 pudicos
1953 2614 2133 2653 mores
2149 2602 2291 2658 tueri

156 2673 164 2682 '
251 2690 317 2729 ac
330 2686 678 2747 propugnare
696 2708 712 2733 ,
747 2667 1087 2726 calumniam
1105 2668 1293 2726 ulcisci
1316 2707 1332 2731 .
1360 2683 1523 2745 atque
1551 2688 1621 2726 ex
1654 2671 1815 2747 ipsius
1831 2672 2019 2730 aemuli
2036 2675 2294 2735 Rollonis

253 2767 352 2806 ore
369 2762 701 2824 extorquere
718 2744 1133 2804 confeffionem:
1157 2762 1387 2806 noverat
1402 2749 1551 2805 enim
1568 2767 1703 2825 puer
1716 2769 1883 2828 quam
1900 2751 2083 2810 insons
2098 2750 2294 2819 mater.

250 2844 425 2905 quam
444 2822 720 2900 perversus
734 2823 864 2882 esset
877 2823 1065 2882 Rollo.

336 2905 498 2963 Dicta
510 2904 603 2961 die
618 2916 740 2962 uter
783 2922 852 2960 ue
868 2903 1061 2979 prodit
1074 2905 1133 2961 in
1148 2923 1365 2963 arenam
1390 2944 1407 2970 ‚
1442 2906 1567 2964 &in
1587 2906 1738 2967 Aulae
1750 2908 1924 2967 oculis
1939 2928 2102 2988 aequo
2118 2927 2295 2973 marte

248 2984 539 3044 concurrit
558 3022 576 3048 ‚
605 2984 762 3040 omni
807 3000 868 3039 us
890 2983 1071 3040 tacitis
1102 2981 1363 3062 suffragiis
1368 2983 1585 3058 juniori
1604 2984 1928 3046 faventibus.
1983 2988 2172 3048 Paucis
2197 3011 2288 3050 re·

251 3064 376 3123 fero
396 3085 408 3121 :
453 3063 573 3139 post
590 3060 766 3118 elusos
782 3061 1072 3138 utrimque
1085 3079 1310 3120 conatus
1328 3100 1344 3125 ‚
1388 3064 1610 3120 tandem
1660 3065 1984 3123 exturbatur
2024 3086 2171 3144 equo
2198 3088 2291 3128 ca-

251 3143 560 3200 lumniator
572 3180 588 3204 .
607 3138 694 3197 sed
711 3139 833 3197 casu
850 3141 1098 3198 innoxio.
1154 3141 1308 3199 llicet
1324 3143 1585 3216 irrumpit
1603 3158 1861 3201 maternae
1876 3143 2156 3220 pudicitiae
2173 3148 2296 3205 vin-

252 3221 360 3278 dex
375 3238 511 3294 puer
528 3259 545 3282 ,
574 3218 883 3296 vistorique
913 3219 1108 3276 infistit
1127 3260 1143 3284 ,
1167 3233 1399 3297 urgente
1430 3220 1637 3276 vit-:tore
1667 3223 1844 3279 viaus
1875 3221 2067 3297 pandit
2082 3223 2295 3283 calum·
2335 3251 2342 3259 ·

254 3298 410 3356 niam
433 3336 449 3360 ,
474 3296 674 3356 fatetur
687 3299 902 3354 crimen
921 3334 938 3356 ‚
967 3299 1175 3355 doloris
1192 3297 1371 3356 sensus
1384 3298 1653 3374 exprimit
1673 3319 1686 3355 z
1730 3299 1959 3357 revelata
1976 3301 2295 3364 innocentia

249 3377 469 3435 matris.
508 3376 621 3446 ’lam
654 3376 777 3451 pius
812 3373 952 3432 filius
983 3395 1099 3434 non
1115 3374 1271 3452 plura
1285 3394 1533 3454 quaerens
1555 3373 1757 3452 fitjusti
1775 3375 2025 3455 supplicii
2046 3379 2297 3457 depreca-

259 3470 369 3514 tor.
441 3454 515 3509 At
547 3455 752 3510 Comes
779 3453 1113 3513 credulitatis
1133 3493 1150 3519 ,
1180 3458 1237 3514 &
1265 3454 1601 3511 crudelitatis
1631 3452 1736 3513 suae
1768 3456 2019 3533 pertaesus
2046 3460 2298 3521 inanibus

255 3531 481 3611 pompis
495 3529 596 3604 ipfi
611 3546 785 3607 regno
803 3533 1065 3592 nuntium
1083 3534 1322 3591 remittit
1338 3557 1355 3602 3
1388 3536 1443 3591 &
1457 3531 1613 3608 super
1634 3533 1886 3612 conjugis
1901 3537 2207 3606 tumulum,
2227 3542 2295 3599 li·

255 3628 472 3670 taturus
485 3610 758 3669 Deo‚voto
771 3608 823 3666 se
841 3608 1199 3690 obstringens,
1217 3610 1496 3687 templum
1514 3612 1694 3690 erigit.
1738 3615 1930 3692 Magni
1948 3617 2050 3672 viri
2065 3615 2292 3677 effatum

258 3691 356 3754 est,
373 3687 642 3763 improbi,
660 3687 1000 3765 malignique
1016 3708 1085 3747 ex
1099 3709 1187 3751 eo,
1202 3689 1353 3766 quod
1368 3689 1505 3748 alios
1520 3689 1787 3750 incessunt
1801 3692 2110 3759 calumniis.
2127 3715 2294 3773 opem

259 3768 414 3825 vitiis
434 3765 539 3823 suis
557 3764 697 3823 ferre
711 3767 1020 3825 moliuntur
1037 3792 1055 3836 ς
1074 3787 1241 3845 quare
1259 3768 1465 3847 linguis
1479 3760 1883 3830 occurrendum
1902 3811 1919 3834 ‚
1949 3793 2073 3851 quae
2091 3773 2190 3829 sim
2234 3775 2301 3831 li·
2397 3818 2400 3823 .

249 3846 412 3906 cibus
430 3845 772 3905 calumniam
793 3846 1021 3905 struunt:
1035 3845 1073 3905 fi
1091 3848 1248 3925 cujus
1261 3862 1447 3906 autern
1467 3847 1581 3906 vita
1596 3847 2059 3927 sycophantarum
2076 3851 2175 3908 libi
2216 3853 2298 3908 ini

2230 3932 2305 3989 est
