2738 4475
439 351 444 356 ,
805 275 880 353 Ρ’
962 303 1007 350 Α
1028 276 1033 280 ’
1105 303 1160 352 R
1263 304 1295 352 s
1430 284 1471 353 1
1484 283 1580 355 V.
2059 298 2211 384 493

181 403 434 507 'pestere
464 402 706 478 milites
724 401 969 486 studet,
1007 402 1171 475 haud
1196 403 1385 502 paulo
1413 399 1748 488 remiffiu3‚
1764 421 1835 474 ut
1858 398 2213 488 videbatur-3

181 533 366 606 quarn
386 504 494 578 sub
515 505 889 577 Alexandro
911 525 1175 604 agentes
1199 559 1219 587 ‚
1244 505 1310 573 in
1330 504 1551 574 medio
1567 497 1709 573 foto
1728 526 1850 574 con
1860 497 2066 572 fectus
2090 499 2212 575 est·

178 607 686 685 Fortitudinem,
720 630 799 676 an
815 608 1245 677 temeritatem
1264 602 1677 699 appellaveris
1697 606 1731 677 ἓ
1758 601 1955 674 Adeo
1975 601 2213 683 vicina,

176 713 243 778 &
265 706 437 804 pene
462 698 717 775 confusa
735 706 898 776 ratio
917 754 940 789 ,
971 702 1138 774 hanc
1173 702 1479 774 virtutem
1515 703 1675 773 vitio
1691 697 1915 772 miscet
1943 720 1965 768 ε
2008 720 2119 770 aut
2139 721 2212 769 ut

176 808 386 878 verius
403 803 992 882 dixeris,interdum
1008 802 1262 902 cogitur
1283 796 1593 872 fortitudo
1613 800 1689 872 ad
1706 801 1929 873 eadem
1949 798 2217 869 contilia-

179 904 245 975 in
268 930 409 1003 quae
432 904 860 992 temeritatem
880 899 1053 975 furor
1068 900 1349 997 impellit
1372 944 1394 980 ,
1418 921 1553 972 tum
1605 924 1681 972 ue
1702 924 1867 999 aegre
1884 899 1924 970 Ξι
1949 899 2091 973 vitii
2107 895 2209 970 su·-

173 1001 217 1072 s
255 1005 467 1075 itione
483 1005 766 1099 expiatur
791 1054 815 1089 ‚
846 1002 963 1074 nisi
999 1001 1101 1073 vel
1137 996 1311 1072 felici
1354 995 1534 1071 succe
1588 1026 1625 1071 u
1651 998 1764 1072 fibi
1781 999 2221 1072 reverentiam»

177 1031 588 1201 {Evoremque
603 1104 936 1185 conciliet,
959 1102 1060 1173 vel
1080 1101 1214 1179 ille,
1238 1098 1351 1197 qui
1368 1099 1447 1169 ad
1466 1096 1628 1173 hanc
1648 1097 2067 1171 ineundorum
2092 1123 2210 1197 pe-

174 1203 515 1274 titulorum
531 1203 970 1278 neceffitatem
987 1199 1259 1301 adigitur
1278 1246 1305 1283 ‚
1356 1199 1570 1298 longae
1610 1195 1957 1295 prudentiae
1976 1195 2219 1268 sanffi‘-

176 1321 312 1373 tate
331 1304 632 1374 meruerit
649 1349 672 1384 ‚
704 1323 777 1374 ut
814 1324 1100 1375 extrema
1135 1295 1419 1371 remedia
1442 1341 1467 1378 ,
1519 1305 1588 1372 &
1612 1299 2043 1370 temeritatem
2062 1296 2227 1368 imi-

173 1403 379 1474 tantia
399 1453 424 1490 ,
475 1403 767 1475 credatur
801 1427 937 1475 non
967 1420 1215 1474 temere
1234 1444 1262 1485 ,
1315 1392 1426 1467 sed
1462 1420 1543 1471 ex
1573 1393 1943 1498 praescripto
1958 1395 2212 1496 judicii,

175 1500 511 1599 usurpafl‘e.

185 1649 214 1658 -
277 1600 490 1698 Igitur
520 1597 691 1671 hunc
730 1596 1077 1685 affectum,⁴
1109 1621 1258 1672 curn
1295 1622 1429 1673 non
1442 1593 1587 1670 satis
1608 1597 1720 1673 fibi
1736 1620 1920 1678 cavet
1941 1646 1965 1685 ‚
2000 1596 2217 1673 severa

177 1716 380 1795 atque
411 1720 591 1769 atrox
627 1695 718 1769 sui
748 1697 983 1772 fiducia
1022 1699 1377 1798 corrumpit
1398 1725 1418 1770 ε
1475 1695 1803 1772 fastidioso
1840 1702 2012 1775 velut
2056 1719 2217 1773 nutu

169 1797 414 1868 cunfflm
435 1796 791 1896 despiciens
811 1844 833 1881 ‚
880 1796 1184 1897 superbiat
1201 1821 1459 1899 quoque
1476 1799 1660 1872 malis
1675 1798 1935 1876 infestus
1950 1798 2043 1872 est
2061 1828 2082 1872 ε
2135 1806 2233 1870 In·

165 1894 603 1987 'jactationem
623 1893 828 1982 ferme
845 1899 1148 1997 proclivis
1166 1928 1191 1991 3
1230 1922 1352 1970 nec
1375 1899 1626 1997 placere
1646 1944 1671 1981 ,
1712 1919 1815 1971 aut
1832 1899 1978 1972 odia
1990 1898 2221 1971 saltent

165 1993 508 2093 effugere,
548 1993 698 2068 satis
711 2021 935 2070 curans
955 2028 980 2090 ς
1032 2021 1148 2095 per
1166 1995 1419 2069 insanos
1435 1998 1727 2098 impetus
1737 2023 2022 2099 praeceps
2045 2048 2072 2084 ‚
2098 1995 2239 2068 do'-

173 2119 303 2167 uec
322 2093 791 2194 indulgentiam
809 2092 1125 2181 fortunat,
1158 2098 1631 2170 &temeritatis
1650 2096 2027 2173 felicitatem
2062 2121 2223 2168 con-

171 2189 537 2292 sumpserit.
594 2201 614 2232 ¹
637 2197 811 2268 Cum
830 2221 986 2271 vero
1002 2215 1225 2269 tenere
1243 2196 1511 2270 modum
1531 2198 1775 2296 potest,
1820 2219 1971 2271 tunc
2004 2198 2071 2270 iu
2091 2198 2223 2273 vir-

177 2313 388 2367 tutem
408 2293 805 2369 clariffimam
825 2295 1040 2369 evadit
1055 2342 1080 2376 ‚
1130 2304 1201 2370 &
1238 2297 1752 2395 magnitudinem
1781 2300 1979 2379 animi
1996 2298 2064 2370 in
2085 2296 2229 2371 hoe

170 2413 427 2465 tantum
452 2397 694 2466 attollit
712 2445 737 2481 ,
765 2415 835 2467 ut
873 2393 1083 2468 salutis
1122 2397 1401 2493 vitaeque
1433 2394 1797 2470 discrimina
1819 2399 2060 2471 leviora
2074 2392 2220 2470 exi-2

174 2489 400 2569 stimet
418 2516 616 2590 quam
633 2492 863 2565 deserti
880 2493 1080 2567 officii
1102 2492 1462 2577 infamiam,
1479 2497 1591 2567 vel
1610 2497 1878 2594 proditae
1900 2497 2227 2595 perigna-

141 2644 142 2647 ,
173 2593 354 2671 viam
391 2592 683 2689 pietatis.
757 2591 958 2682 Quod
978 2592 1024 2664 fi
1044 2593 1184 2692 quis
1206 2615 1514 2693 praeterea
1533 2594 1711 2667 illam
1731 2594 1865 2668 vim
1876 2591 2218 2691 intrepida·

177 2688 427 2764 mentis
449 2684 922 2771 mansuetudine
942 2690 1209 2764 adornet
1224 2739 1249 2776 ,
1267 2702 1334 2771 &
1353 2691 1744 2767 iracundiam
1763 2689 1957 2792 poffit
1973 2715 2219 2777 arcere,

181 2790 365 2886 (quae
382 2786 726 2885 plurimum
743 2788 1053 2883 ejusmodi
1069 2791 1475 2891 ingeniorum
1494 2792 1687 2866 robur
1702 2793 1923 2893 stipat)
1943 2813 2081 2866 tum
2103 2817 2229 2881 vce,

179 2912 260 2959 ro
275 2887 499 2960 eximii
518 2889 589 2958 in
605 2913 869 2961 omnem
889 2910 1134 2988 partem
1155 2890 1461 2964 consortii
1479 2894 1602 2967 erit
1617 2941 1641 2977 ‚
1663 2898 1729 2967 δι
1749 2896 1816 2967 in
1834 2891 1967 2991 ipsa
1984 2890 2217 2966 formi-

174 2985 411 3059 dabilis
429 3012 620 3086 pace,
650 2986 716 3058 id
733 2989 992 3087 quidem
1012 2989 1090 3061 ab
1108 2990 1325 3064 indole
1344 2991 1604 3065 habebit
1619 3041 1641 3078 ‚
1660 3018 1742 3066 ne
1760 2993 1991 3090 absque
2006 2990 2220 3083 cujus-

177 3085 330 3158 dam
351 3086 633 3159 horroris
652 3090 1005 3162 reverentia
1022 3115 1167 3163 cum
1186 3116 1269 3163 eo
1289 3092 1625 3193 quisquam
1648 3113 1794 3192 agat
1811 3139 1833 3172 ‚
1859 3090 1895 3161 ἒ
1917 3091 2216 3162 modera-

169 3186 359 3256 tione
378 3208 588 3259 autem
605 3185 708 3257 sua
726 3209 792 3259 ut
810 3192 1006 3262 etiam
1027 3189 1353 3291 diligatur.

285 3281 404 3356 Est
420 3285 586 3357 aliud
604 3284 969 3377 adulterina:
987 3288 1262 3363 audaciae
1280 3345 1302 3377 ,
1339 3288 1447 3364 sed
1462 3288 1719 3361 tutioris
1738 3311 1939 3389 genus
1957 3332 1981 3370 ‚
2035 3295 2105 3363 &
2143 3287 2215 3362 in

2083 3414 2216 3489 quo
2256 3428 2259 3439 ν

256 3521 280 3556 r
320 3512 428 3557 cm
440 3522 691 3563 ommes-e
703 3511 870 3562 παίω
879 3514 1011 3580 poten
1022 3544 1043 3572 ,
1071 3527 1170 3562 tnnc
1225 3512 1520 3565 tortuositate
1534 3512 1628 3562 ulla
1642 3510 1701 3561 ad
1715 3510 1923 3565 dextram
1938 3545 1956 3572 ,
1982 3514 2057 3567 vel
2085 3512 2216 3568 adfi-

173 3577 226 3626 in
254 3577 467 3626 <trimum
494 3578 761 3642 claeraejsse‘mm
788 3581 983 3645 evadit-J
1011 3584 1165 3631 Virtus
1230 3579 1438 3632 nistram.
1475 3580 1699 3642 Ονίἀὶυς,

170 3659 233 3694 ex
264 3642 519 3695 Aristotele
537 3660 580 3709 3.
601 3646 749 3696 Ethic.
778 3647 842 3697 est
869 3650 1167 3700 mediocritas
1260 3651 1336 3702 fif}
1360 3649 1505 3700 modus
1531 3649 1711 3700 ἐπιών
1726 3680 1748 3711 ,
1769 3651 1874 3715 fune
1899 3652 2008 3702 certi
2030 3649 2214 3721 λαίφε’

172 3710 387 3762 duorum
403 3714 665 3775 vitiorum,
698 3716 884 3768 alterius
915 3732 996 3782 pet
1021 3714 1169 3766 exces-
1386 3719 1525 3779 fines,

169 3778 279 3830 sum
295 3783 533 3846 peccantis
548 3815 569 3843 ‚
596 3782 780 3834 alterius
807 3799 886 3851 pet
898 3782 1166 3835 defcstum:
1193 3834 1196 3851 1
1262 3791 1383 3857 Quor
1407 3792 1577 3843 ultra„
1593 3790 1786 3855 citraque
1836 3788 1980 3858 nequir
2002 3784 2225 3857 calistae*

167 3848 224 3901 in
257 3850 423 3903 medio
450 3848 655 3904 consistit
670 3853 817 3907 virtus
835 3885 854 3913 ,
891 3867 975 3904 nec
991 3848 1168 3901 aberrat
1191 3862 1196 3911 ι
1397 3856 1573 3909 resim.
2214 3895 2225 3909 .

2084 3942 2109 3976 1
2138 3925 2221 3979 AB
