2738 4475
889 282 1589 362 PAnsv.
2113 318 2251 396 575

226 430 351 492 quae
365 409 484 489 plus
502 423 518 470 5
534 423 710 486 quam
729 404 908 482 exigit
923 404 1095 461 fames
1108 443 1124 467 ,
1158 403 1413 464 devorat:
1455 408 1606 463 Cum
1625 405 1760 463 saeva
1776 402 2154 481 Amaryllis,&
2174 412 2266 469 1212-

224 496 348 550 vior
381 491 542 546 Doris
576 483 914 560 Amaryllide
927 520 943 542 ‚
980 485 1267 544 monitum
1298 485 1613 543 meminiss‘e
1632 487 1978 564 Hippocomi
1997 485 2264 564 supplicii,

225 570 564 646 expulerunt
581 565 772 622 domo.

301 648 558 706 Tandem
579 640 791 699 resumo
808 641 1024 697 animos
1042 681 1056 704 ,
1082 643 1136 699 &
1152 640 1510 698 domicilium
1529 641 1712 699 Circes
1725 648 1781 702 ὃς
1803 642 2062 700 Sirenum
2083 642 2268 703 insulis

219 726 501 785 crudelius
532 722 733 804 pernici
773 719 905 796 fuga
935 719 1194 796 relinquo
1210 744 1228 790 5
1260 720 1597 799 quaesitoque
1626 719 1930 779 diversorio
1948 726 2002 780 &
2021 723 2269 785 invento.

223 826 323 884 per
354 805 550 862 totum
586 800 834 857 triduum
870 798 1111 856 inclusus
1141 818 1266 875 quae
1303 798 1548 857 videram
1579 798 1883 858 identidem
1912 799 2269 879 replicabam.

225 887 282 940 Ο
301 885 394 941 Dii
416 886 428 936 !
460 899 576 938 rem
589 877 867 954 perditam
891 902 909 945 5
932 892 1313 935 matronarum
1335 878 1521 935 noctes
1536 892 1717 935 morte
1731 880 1971 946 eminus,
1986 893 2082 938 aut
2096 880 2273 939 exilio

227 964 392 1020 omni
415 954 544 1018 nece
558 965 754 1034 pejore.
796 958 947 1013 Inter
961 955 1179 1014 delicias
1194 974 1260 1011 eo
1277 955 1428 1014 fiensu
1447 959 1597 1014 venit
1615 956 2015 1023 homicidium,
2031 975 2096 1018 ut
2118 961 2185 1017 ad
2203 960 2273 1017 il-

229 1040 326 1098 lud
344 1039 594 1119 publicus
613 1036 859 1096 minister
877 1034 1232 1111 pallesceret?
1274 1036 1433 1112 Qid
1467 1056 1562 1093 me
1594 1036 1838 1095 crudeles
1870 1036 2122 1097 foeminae
2142 1038 2269 1115 jam

233 1120 438 1196 Stygiae
466 1116 647 1195 paludi
679 1117 1024 1172 innatantem
1058 1116 1446 1172 momentaria:
1477 1114 1591 1172 luci
1623 1115 1923 1174 restituistis
1936 1157 1954 1182 ‚
1980 1133 2044 1175 ut
2073 1117 2265 1176 saevius

230 1197 763 1276 postmodoperea‘m
783 1197 806 1247 ?
843 1197 973 1251 Haec
987 1195 1154 1251 vestra
1168 1192 1485 1273 benignitas
1498 1192 1801 1252 inofficiosa
1812 1196 1886 1253 cst
1900 1237 1917 1263 ‚
1947 1215 2104 1273 quae.
2130 1197 2271 1255 dum

227 1278 435 1354 parcit,
453 1269 638 1333 differt
655 1267 1006 1350 supplicium.
1063 1274 1382 1332 Permittite
1398 1292 1492 1330 me
1508 1274 1567 1330 in
1582 1273 1829 1350 quietem
1847 1313 1864 1340 ,
1884 1280 1940 1335 ὅ(
1971 1275 2083 1333 stne
2113 1296 2275 1334 mora
2336 1286 2343 1298 “

225 1356 539 1431 οκρεᾶειητί
552 1372 687 1412 orco
702 1368 942 1430 paratam
966 1353 1252 1409 vi&imam
1271 1351 1499 1411 reddite.
1540 1353 1676 1428 Qo
1695 1353 1847 1410 enim
1863 1357 2106 1430 pertinet
2126 1357 2273 1432 Hip-

227 1436 457 1512 pocomi
479 1450 663 1511 poenae
682 1431 896 1488 novitas
914 1471 931 1494 ‚
964 1432 1063 1488 nifi
1084 1445 1145 1486 ut
1166 1444 1395 1488 moneat
1409 1470 1425 1495 ,
1461 1430 1798 1506 impudicam
1817 1473 1835 1498 ,
1868 1432 2006 1491 dum
2025 1433 2272 1493 formam

225 1513 511 1592 prostituit
523 1550 539 1570 ‚
559 1512 626 1567 ad
645 1511 838 1582 omnia
851 1507 1050 1564 scelera
1063 1505 1175 1564 fine
1194 1507 1312 1586 lege
1328 1508 1457 1566 ferri
1475 1510 1496 1562 ?
1538 1512 1613 1566 At
1625 1510 1775 1568 enim
1794 1510 1888 1569 ille
1904 1513 1962 1570 in
1978 1515 2276 1571 tormentis

227 1612 348 1649 non
366 1588 542 1647 modo
554 1585 861 1651 vocem,sed
880 1591 933 1645 ὅ(
946 1585 1189 1662 gemitus
1206 1586 1397 1644 habuit
1411 1589 1471 1644 in
1486 1590 1778 1662 potestate?
1822 1590 2095 1668 Praecipiti
2110 1593 2273 1649 curin

230 1669 523 1746 profluens
536 1664 565 1722 ὲ
583 1663 873 1721 visceribus
892 1662 1109 1740 sanguis
1127 1706 1144 1729 ‚
1158 1666 1300 1723 inter
1317 1665 1523 1725 saniem
1539 1666 1667 1725 tabu
1675 1687 1847 1748 mque
1861 1670 2086 1745 elapsus,
2102 1684 2277 1727 veter-

234 1765 377 1804 num
395 1745 610 1804 olebat?
646 1743 855 1819 Audaci
874 1742 1088 1801 ancillae
1101 1745 1329 1803 dextera
1341 1765 1440 1802 cor
1452 1747 1763 1804 extraEtum
1784 1785 1801 1809 ‚
1820 1750 2005 1807 minus
2018 1750 2273 1807 humano

231 1839 350 1882 erat
366 1866 380 1888 ,
401 1831 455 1885 ὃς
475 1823 698 1900 pectora
709 1839 841 1879 cum
857 1833 1017 1879 acuto
1035 1822 1262 1880 stridore
1277 1840 1438 1900 rupta
1455 1864 1472 1890 ,
1490 1822 1657 1882 fidem
1675 1827 1842 1884 etiam
1862 1826 1970 1885 istis
1981 1827 2159 1885 oculis
2176 1845 2275 1883 nc-

225 1906 405 1982 gant?
440 1904 656 1959 Omnia
686 1901 861 1959 hodie
892 1902 953 1958 in
973 1901 1328 1960 mendacium
1348 1903 1729 1980 effinguntur:
1769 1918 2083 1965 mutuatam
2102 1903 2282 1981 perso-

225 1993 360 2040 nam
386 2001 459 2040 ne
474 1980 708 2060 quidem
727 1996 853 2038 ante
866 1980 1012 2037 Deos
1025 1982 1284 2039 exuimus
1300 2022 1317 2048 ‚
1334 1985 1389 2042 δε
1407 2023 1422 2047 ,
1439 1980 1535 2039 nifi
1552 1982 1708 2062 quod
1722 1983 1977 2044 humanae
1991 1984 2277 2063 fragilitati.

222 2062 486 2119 divinitas
517 2059 977 2116 accommodatur
995 2098 1012 2122 ‚
1043 2060 1387 2137 jampridem
1408 2079 1577 2119 vacua
1594 2061 1932 2121 fulminibus
1946 2081 2116 2121 manu
2131 2063 2278 2121 inter

227 2140 402 2198 nubes
417 2139 925 2215 innocuusJupiter
940 2137 1204 2212 spetstaret
1218 2140 1456 2198 crimina
1474 2176 1490 2202 2
1504 2158 1617 2197 non
1633 2142 1873 2217 puniret.
2254 2151 2257 2152 ’

312 2217 443 2277 Haec
466 2234 527 2276 ut
544 2214 1060 2293 saepiusrepctebam
1084 2257 1101 2281 ‚
1117 2214 1377 2275 exsonuit
1388 2218 1623 2283 ostium,
1642 2219 1788 2277 mira
1815 2222 1930 2278 res!
1961 2219 2274 2298 praebuerat

220 2319 378 2359 aures
393 2297 629 2377 querelae
648 2296 1032 2372 Hippocomus
1049 2295 1206 2369 cujus
1222 2296 1409 2354 funeri
1426 2296 1928 2371 condolebam,jam
1947 2319 2063 2358 non
2077 2319 2284 2357 cruen-

222 2393 337 2443 tus,
355 2397 453 2434 nec
469 2373 702 2455 gibboso
720 2374 953 2450 pectore:
973 2389 1236 2432 caeterum
1253 2375 1538 2433 timidiore
1553 2375 1710 2433 vultu
1730 2397 1899 2455 quam
1920 2398 2098 2455 nuper
2112 2377 2277 2437 evul-

224 2457 437 2515 stonem
455 2455 638 2513 cordis
659 2453 864 2511 viderat
884 2477 896 2511 :
930 2453 1028 2528 qui
1047 2466 1109 2510 ut
1122 2454 1433 2529 deprecanti
1449 2454 1638 2512 fimilis
1649 2453 1754 2512 sese
1771 2456 1837 2513 ad
1854 2474 2036 2532 genua
2051 2475 2172 2513 mea
2189 2457 2277 2512 in-

221 2536 481 2594 ’curvavit
498 2574 520 2600 „
533 2536 716 2592 Parce,
735 2532 942 2610 inquit,
957 2534 1013 2588 in
1032 2546 1243 2590 tantam
1260 2532 1556 2590 foeminam
1573 2532 1782 2598 invehi,
1800 2536 2074 2608 cujusiras
2090 2539 2144 2593 &
2165 2534 2279 2608 ipsa.

225 2613 477 2671 ‘coelestia
507 2630 742 2695 corpora
772 2611 1033 2670 sentiunt.
1099 2612 1286 2668 Minus
1314 2613 1389 2669 est
1408 2650 1423 2677 ‚
1454 2611 1725 2689 quidquid
1745 2612 1812 2667 de
1831 2611 2025 2669 Medea
2038 2612 2275 2669 dicitur:

238 2680 485 2765 e'ti'am'in
500 2693 861 2768 cogitationes
878 2689 1177 2747 hominum
1199 2689 1408 2747 furtive
1440 2690 1667 2767 irrepit,
1697 2692 1752 2749 δι
1781 2688 1967 2748 absens
1993 2690 2151 2748 audit
2182 2689 2276 2746 ab·

242 2767 436 2826 sentes.
471 2770 639 2845 Qod
651 2784 780 2845 rante
796 2769 1078 2846 perastum
1097 2769 1275 2825 alieno
1289 2768 1569 2848 sanguine,
1584 2773 1638 2828 δε
1651 2769 1762 2827 fine
1778 2769 2006 2827 vulnere
2022 2771 2081 2827 in
2096 2767 2280 2826 osten-

239 2850 510 2906 tationem
530 2850 696 2907 venit.
733 2850 890 2925 Qip
935 2866 963 2903 e
980 2846 1140 2923 pellis
1157 2850 1274 2905 ovis
1290 2849 1565 2915 innocuae,
1582 2868 1716 2907 cum
1736 2848 2047 2914 visceribus,
2062 2868 2280 2913 cruore.-

236 2930 293 2988 &
309 2928 478 2986 corde
494 2925 616 2993 suu,
656 2927 822 2984 firmo
844 2948 871 2985 a
914 2929 1122 2985 haerens
1134 2927 1200 2984 ad
1218 2927 1329 2985 hoc
1344 2929 1535 3005 pectus
1551 2929 1773 3007 glutino
1794 2969 1810 2992 .
1827 2934 1883 2990 &
1901 2929 2145 2987 cultrum
2164 2930 2280 2983 Do-

231 3008 382 3066 ridos
411 3010 631 3084 excepit
648 3046 662 3066 .
707 3012 760 3067 δε
793 3005 1192 3065 diffimulatum
1221 3008 1577 3082 Amaryllidis
1611 3008 1857 3066 furorem
1874 3010 1935 3065 in
1951 3006 2279 3082 exemplum

226 3087 354 3145 luit.
414 3086 508 3143 Dii
539 3082 743 3143 melius
774 3102 941 3163 quam
979 3097 1043 3142 ut
1071 3083 1265 3143 fletum
1285 3085 1615 3163 supplicium
1634 3107 1759 3145 vera
1774 3088 1920 3144 caede
1937 3099 2103 3162 caput
2118 3101 2287 3142 tuum

231 3164 514 3240 respiciat:
558 3164 739 3222 nescio
756 3166 890 3242 quid
907 3166 964 3221 in
981 3163 1210 3221 salutem
1225 3170 1384 3223 'tuam
1409 3165 1517 3222 hoc
1531 3167 1715 3222 amico
1734 3184 1829 3221 ore
1846 3167 1994 3220 Deus
2010 3164 2124 3240 agit
2141 3203 2158 3229 ,
2188 3162 2280 3219 ad-

239 3259 549 3320 monetque
582 3243 757 3300 veloci
787 3243 918 3322 fuga
947 3242 1304 3301 certiffimam
1325 3260 1519 3302 necem
1538 3246 1723 3301 vitare.
1786 3245 1985 3319 Neque
2013 3242 2133 3298 sum
2166 3257 2284 3300 tam

235 3319 405 3379 effera
418 3320 666 3380 barbarie
688 3336 750 3385 ut
763 3325 936 3405 patiar
952 3341 1080 3379 eum
1100 3363 1116 3386 ,
1156 3342 1328 3399 quem
1366 3322 1476 3380 fata
1490 3325 1689 3380 eodem
1707 3324 1909 3380 amoris
1925 3322 2109 3380 fruolu
2128 3318 2283 3379 satia-

227 3402 392 3464 runt,
411 3400 523 3457 indi
566 3398 783 3459 n'islima
796 3415 980 3459 morte
998 3403 1189 3478 perire.
1236 3403 1382 3484 Qis
1397 3400 1496 3458 scit
1516 3441 1532 3468 .
1548 3421 1615 3459 an
1637 3402 1729 3459 ille
1746 3404 1924 3460 Amor
1944 3441 1959 3467 ,
1989 3401 2086 3479 qui
2106 3421 2205 3458 nos
2224 3402 2286 3457 in

228 3480 480 3537 eundem
498 3419 807 3559 tfialatnum
826 3479 1124 3555 compulit,
1145 3480 1210 3538 ad
1234 3481 1473 3538 eundem
1492 3480 1779 3538 tumulum
1797 3481 2093 3559 aliquando
2108 3478 2283 3539 feret?

313 3546 1009 3639 Gratias'ogiindxpeEtatae
1027 3559 1273 3616 hominis
1296 3560 1649 3624 humanitati,
1665 3565 1719 3620 Sc
1736 3561 1915 3618 verbis
1935 3560 1997 3616 ad
2018 3578 2284 3617 commu-

229 3650 367 3697 nem
390 3634 1037 3711 urbanitat'emexpreslis
1057 3678 1072 3703 ‚
1100 3636 1193 3695 ubi
1212 3640 1384 3696 vitam
1406 3639 1708 3696 monitioni
1728 3635 1833 3696 suae
1848 3640 2042 3697 debere
2063 3659 2152 3696 me
2169 3639 2290 3697 lon-

223 3737 296 3795 ga
324 3716 669 3775 confessione
688 3717 1017 3775 monstravit
1041 3756 1057 3780 ,
1086 3718 1267 3791 juravi
1286 3717 1443 3775 illam
1482 3718 1831 3775 redditurum
1847 3719 2291 3797 quandocunque

224 3795 513 3855 voluisset:
568 3803 623 3859 &
642 3836 659 3862 ,
694 3797 821 3855 data
851 3796 1093 3853 invicem
1131 3812 1462 3876 acceptaque
1501 3794 1607 3855 fide
1626 3834 1642 3858 .
1673 3797 1733 3855 in
1766 3796 2291 3871 haucpsolitudinem

211 3880 360 3938 veni.

2052 4026 2059 4033 ο
2116 3996 2119 3999 ,
2200 3950 2292 4007 Ad
