2738 4475
915 190 1499 277 -Pans
1622 191 1738 265 11.
2180 196 2320 282 'm

265 317 473 395 aninto
508 313 827 418 rependet
847 365 870 398 ‚
913 313 1348 389 eruditionem
1387 316 1945 414 cumilloimpetu
1962 314 2326 419 vestiganti‚

263 421 389 494 fine
425 444 561 521 quo
594 418 756 491 nihil
781 412 1059 489 addisces
1080 412 1531 516 ingeniosum,
1570 436 1675 486 aut
1696 417 2019 491 viantum
2047 418 2332 494 conscri-

255 521 396 593 bes.

353 622 676 693 Praeterea
715 641 858 688 cum
895 613 1254 688 reverentia
1272 611 1348 686 fit
1366 614 1615 687 alumna
1633 613 1997 691 divitiatum
2018 666 2041 704 ,
2084 622 2151 691 a&
2258 643 2334 693 e·-

259 716 387 792 stas
437 738 696 789 contem
743 717 926 788 tione
942 714 1320 798 damnetur,
1362 713 1550 786 nobis
1573 717 2056 790 Poimenarchis
2079 716 2186 817 spe
2260 745 2331 791 a·

259 818 414 891 bilis
453 820 656 889 cultus
717 839 854 887 atur
873 859 899 897 ‚
936 840 1022 888 ne
1044 814 1319 913 populus
1340 812 1735 908 majestatem
1753 817 2011 912 pietatis
2036 818 2105 891 in
2127 818 2329 889 mini-

257 916 540 990 strorum
583 912 868 989 sordibus
904 934 1307 988 contemnat.
1358 917 1542 991 Hinc
1562 913 1947 989 Antistitum
1965 917 2328 1015 opulentia,

252 1015 412 1090 hinc
456 1017 889 1116 collegiorum
925 1039 1086 1115 opes
1129 1011 1209 1085 ad
1231 1037 1454 1088 cantus
1474 1017 1541 1084 &
1564 1015 1959 1088 ceremonias
1978 1015 2329 1103 sacrorum,

249 1125 321 1191 δι
345 1114 549 1215 ipsius
568 1118 699 1187 anti
751 1115 967 1186 uitatis
986 1137 1166 1214 paene
1186 1114 1603 1216 prodigalitas
1621 1114 1687 1186 in
1702 1139 1941 1187 numen
1962 1162 1986 1197 ‚
2021 1142 2161 1214 quae
2180 1141 2329 1190 om·

246 1217 359 1290 nia
384 1261 408 1295 ,
447 1214 620 1314 proh
637 1142 863 1288 aedas!
900 1212 1088 1288 seculi
1109 1215 1376 1287 licentia
1392 1236 1683 1313 corrupta
1703 1214 1769 1286 in
1787 1213 2097 1290 invidiam
2116 1215 2328 1317 plebis

253 1324 327 1389 δι
363 1315 701 1387 bonorum
735 1314 958 1387 odium
979 1313 1237 1387 cedunt.
1298 1314 1581 1386 Utinam
1601 1333 1733 1387 tam
1752 1312 2047 1388 modeste
2066 1311 2328 1415 peccas-

251 1413 482 1489 semus
505 1460 530 1494 ,
567 1435 639 1484 ut
678 1414 866 1510 culpa
897 1411 960 1484 se
1005 1412 1198 1484 domi
1222 1412 1666 1495 continuisset,
1698 1433 1800 1485 aut
1822 1414 2040 1514 negati
2055 1415 2332 1489 crimina

256 1511 559 1613 possent.
609 1509 741 1585 Sed
782 1533 866 1582 ne
898 1535 1005 1583 me
1039 1509 1491 1585 diffimulando
1523 1533 1784 1607 peccata
1806 1512 2172 1611 approbasse
2187 1514 2334 1586 exi-

271 1612 515 1687 stimes
550 1664 573 1694 ,
624 1607 675 1679 st
725 1608 1023 1684 ordinem
1053 1609 1332 1683 nostrum
1366 1611 1563 1684 veluti
1597 1610 1940 1684 humanum
1977 1611 2335 1685 confide-tas

275 1734 530 1810 corpus
546 1758 572 1795 ‚
607 1705 861 1781 videbis
893 1710 964 1781 in
1006 1707 1317 1781 radicibus
1339 1732 1679 1808 corruptos
1696 1734 1924 1783 nervos
1944 1706 2069 1782 esse
2087 1757 2111 1792 ‚
2144 1719 2209 1785 &
2230 1713 2337 1781 in-

270 1811 448 1883 utile
490 1805 933 1881 membrorum
970 1808 1159 1882 robur
1188 1808 1337 1881 inde
1374 1807 1642 1882 fluxisse.
1715 1806 1983 1883 Dehinc
2018 1809 2338 1909 pervicaci

270 1907 524 1984 morbo
561 1929 864 2005 correpta
894 1908 1160 1989 omnia,
1206 1918 1271 1983 &
1312 1907 1593 2009 singulos
1629 1907 1869 2007 aliquid
1906 1905 2201 2002 adjecisse
2221 1934 2341 2007 pu-

269 2008 673 2081 blicomalo.
732 2006 1043 2078 Ambitus
1066 2033 1325 2107 magnas
1350 2030 1603 2080 mentes
1616 2008 1957 2104 occupavit
1973 2065 1996 2093 ,
2022 2009 2337 2108 plurimas

272 2107 513 2180 libido.
551 2107 762 2178 otium
781 2106 1060 2206 denique
1083 2115 1148 2181 δι
1173 2107 1426 2206 ignavia
1445 2132 1627 2205 paene
1646 2109 1864 2179 omnia
1881 2108 2159 2207 collegia
2180 2132 2330 2206 pet-

282 2207 593 2292 tentavit,
635 2206 702 2278 in
740 2206 969 2305 quibus
1001 2208 1243 2279 inertes
1278 2202 1404 2277 fuci
1435 2205 1745 2321 languidis
1766 2206 2198 2305 voluptatibus
2215 2207 2330 2282 de·

285 2304 492 2379 fident
509 2361 528 2389 ,
549 2305 954 2406 cantibusque
974 2306 1369 2406 ptaecipitata
1388 2316 1601 2379 armus
1623 2308 1835 2408 lingua
1854 2303 2095 2382 infame
2115 2310 2328 2380 otium

284 2426 539 2478 emunt.
606 2407 809 2477 Nulla
836 2409 1161 2478 literarum
1201 2404 1441 2489 studia,
1479 2408 1648 2476 nulla
1678 2431 1823 2477 cura
1858 2406 2137 2501 pietatiS.
2187 2404 2332 2480 nbi

294 2504 566 2573 ῐιοᾶεαι
603 2504 706 2571 vel
735 2508 978 2602 crapula
1040 2529 1219 2578 raves
1244 2561 1266 2591 ‚
1302 2508 1407 2578 vel
1423 2501 2060 2577 domesticalibidine
2081 2497 2334 2601 fatigati

293 2596 864 2696 consumpserunt,
897 2603 973 2672 ad
1027 2629 1182 2685 ana,
1224 2627 1418 2702 atque
1457 2628 1635 2682 aras,
1671 2603 1869 2675 veluti
1903 2602 1970 2670 in
1992 2599 2326 2675 officinam
2438 2657 2443 2662 x

296 2719 632 2772 vocantur.
689 2703 840 2771 Nec
870 2700 1198 2799 imponere
1234 2702 1560 2777 coeiitibus
1580 2721 1835 2773 curant:
1890 2701 2098 2797 palam
2116 2702 2336 2802 negli-

301 2800 523 2899 gentia
555 2799 731 2870 vocis
763 2823 1102 2899 queruntur
1132 2804 1216 2875 de
1253 2802 1621 2899 majoribus,
1657 2799 1830 2903 quod
1862 2801 2024 2873 tanti
2059 2801 2322 2875 divitias

292 2898 605 2973 vendant.

386 2998 553 3071 Inde
593 2995 855 3096 digteffi
894 2997 962 3071 in
998 3000 1231 3074 domos
1277 3000 1498 3101 (pudet
1533 3000 1746 3094 fateri)
1783 2999 2326 3100 plurimumintet·

293 3094 502 3167 scorta
535 3093 748 3168 foenus
786 3123 1119 3173 numerant
1141 3148 1163 3183 ‚
1198 3101 1787 3200 autintempestivis
1806 3095 2127 3169 conviviis
2144 3095 2330 3167 adhi-

282 3192 411 3266 biti
426 3197 588 3265 inter
603 3199 932 3295 populares
954 3223 1223 3301 regnant
1242 3257 1262 3286 ,
1299 3211 1364 3276 &
1385 3200 1717 3299 profanam
1736 3217 2111 3268 caeterorum
2128 3195 2329 3271 licen-

283 3295 450 3366 tiam
467 3290 681 3367 infami
699 3301 1049 3372 certamine
1073 3302 1459 3398 praecedunt.
2090 3389 2091 3392 Ἴ

325 3447 330 3454 .
387 3391 522 3464 Sed
554 3419 671 3466 nec
701 3394 763 3467 su
853 3395 980 3469 rbis
1016 3398 1525 3472 excusationibus
1561 3416 1820 3476 carent,
1855 3416 1961 3467 aut
1984 3393 2115 3470 fine
2133 3407 2323 3500 argu-

284 3495 593 3566 mentoin
617 3520 729 3566 nos
779 3497 1164 3570 aediffimum
1185 3499 1433 3571 crimen
1449 3496 1954 3596 torquent-Nam
1975 3520 2040 3570 ut
2058 3524 2136 3571 ex
2156 3502 2326 3572 tadi-

278 3591 463 3664 cibus
489 3596 616 3666 vim
638 3592 810 3669 suam
834 3593 994 3671 folia
1014 3599 1296 3671 &caules
1309 3603 1767 3696 temperant‚&
1788 3596 1946 3667 rami
1964 3599 2324 3673 animantur

263 3691 541 3797 ingenio
575 3694 700 3774 su'ae
735 3695 1003 3800 stirpis,
1059 3695 1144 3800 iic
1179 3697 1284 3770 isti
1317 3722 1398 3771 ex
1440 3693 2046 3777 Poimenatchorum
2069 3700 2199 3868 vifa
2219 3697 2324 3770 di-

1992 3822 1996 3825 ⁴
2144 3811 2329 3878 cunt,·
