2738 4475
436 257 591 343 424
972 243 1467 319 Eunaeum.
1518 246 2032 327 Sarvntcx

447 386 640 441 more
660 362 817 435 alios
836 359 1183 435 aestimantt
1238 369 1424 432 nutus'
1447 353 1764 443 onmium,
1782 364 2047 451 oculos,
2067 363 2273 453 verba,
2295 367 2363 439 in
2384 389 2507 441 at-

454 487 764 565 gumenta
782 465 974 533 animi
996 461 1296 559 superflua
1316 463 1655 533 subtilitate
1677 465 2015 535 ducentes.
2051 473 2149 537 Ita
2171 473 2507 567 perpetui&

460 563 910 659 suspicionibus
934 621 952 645 ‚
996 586 1186 661 atque
1210 565 1370 635 curis
1398 611 1420 645 ,
1456 559 1540 631 sui
1565 561 1741 633 aestus
1761 589 1997 659 poenas
2021 569 2219 637 luunt.
2267 571 2397 641 Sed
2421 577 2501 641 δε

455 661 588 761 ipsa
606 663 818 733 nimiae
842 663 1206 731 calliditatis
1226 665 1450 759 opinio
1472 663 1567 731 est
1589 665 1839 759 ingrata
1859 709 1881 743 ‚
1935 691 2081 737 cum
2115 667 2219 737 vix
2251 669 2315 739 in
2341 667 2505 739 sim—-

454 765 694 861 pli-:em
716 817 734 843 ‚
756 787 874 831 nec
894 761 1242 857 susperstam
1266 761 1765 847 familiaritatem
1795 761 2253 837 descendentes
2273 815 2293 847 ‚
2329 767 2507 839 sem-

458 887 570 959 per
586 859 740 931 stare
762 861 826 929 in
846 855 984 957 spec
996 865 1092 929 ula
1110 859 1440 931 credantur
1460 917 1479 943 ,
1503 863 1653 959 quid
1677 865 1885 933 caeteri
1907 887 2095 961 agant
2111 867 2508 937 arbitraturi.

458 967 732 1033 Venena
750 1011 772 1045 ‚
814 961 1302 1059 damnatamque
1342 961 1677 1031 libidinem
1693 1007 1715 1039 ‚
1757 961 1895 1031 ideo
1921 961 2257 1035 omiserim
2279 1013 2299 1045 ,
2325 967 2509 1065 quod

456 1085 590 1133 non
612 1061 1070 1157 Italiaepropria
1089 1061 1266 1137 vitia,
1288 1055 1392 1129 sed
1416 1061 1479 1129 in
1499 1083 1711 1129 totum
1735 1060 2065 1133 Orientem
2083 1065 2505 1151 criminatiO,

456 1159 534 1231 ad
558 1159 892 1229 meridiem
916 1183 1168 1259 quoque
1192 1159 1545 1229 deflectens
1569 1207 1593 1243 ‚
1625 1161 1927 1259 unigenti
1947 1163 2503 1261 praecipueirnpu-

454 1261 576 1331 tari
598 1261 734 1349 jure
756 1285 884 1329 non
906 1259 1118 1355 poffit.
1148 1261 1436 1329 Maxime
1458 1285 1603 1329 cum
1629 1261 1765 1331 haec
1787 1259 2295 1331 sceleratenebris
2317 1259 2503 1333 frau-

458 1359 650 1457 dique
688 1359 978 1429 mandata
998 1411 1018 1445 ,
1060 1369 1122 1431 &
1150 1361 1368 1458 negari
1390 1355 1631 1429 facilius
1657 1361 1693 1429 ἐἰ
1719 1355 1987 1429 consciis
2009 1359 2231 1457 poffint
2251 1411 2272 1441 ‚
2305 1369 2373 1433 δέ
2403 1363 2497 1433 ab

460 1460 702 1529 aemulis
746 1455 926 1555 fingi.
1004 1467 1242 1555 Ingens
1264 1477 1474 1530 autem
1499 1467 1563 1529 &
1591 1459 1839 1557 publica
1861 1461 2243 1532 crudelitatis
2261 1463 2489 1559 opinio

458 1555 554 1629 est
578 1605 600 1641 ,
682 1583 754 1625 ua
792 1560 924 1629 illic
964 1553 1242 1629 feruntur
1262 1559 1406 1627 odia
1426 1561 1593 1629 inter
1615 1557 1675 1629 se
1697 1560 1945 1631 inimici
1965 1585 2257 1631 exercere
2275 1619 2293 1647 ,
2333 1589 2499 1659 pra-.—

460 1587 786 1755 donesque
830 1655 1102 1755 grassari.
1174 1667 1272 1729 Ita
1293 1657 1555 1729 affeetus
1577 1655 1975 1755 dispensante
1995 1681 2211 1731 natura
2233 1711 2257 1745 ,
2295 1685 2361 1731 ut
2381 1711 2401 1741 ,
2435 1665 2507 1733 in

462 1755 688 1853 quibus
728 1760 1090 1855 regionibus
1128 1759 1328 1849 major
1354 1757 1575 1855 paffirn
1597 1759 2007 1829 humanitatis
2029 1759 2275 1857 species
2305 1765 2509 1832 cerni-

462 1877 598 1941 tur,
638 1855 728 1925 ibi
750 1857 1148 1953 praedonibus
1174 1857 1244 1929 sit
1264 1859 1499 1929 trucior
1517 1859 1763 1929 animus
1787 1909 1805 1937 ,
1843 1861 2323 1935 inimicitiarum
2347 1887 2509 1961 quo-

464 1981 590 2051 que
614 1965 674 2027 3<
700 1959 960 2029 ultionis
982 1961 1308 2059 ingenium
1330 1959 1539 2055 magis
1561 1959 1623 2029 in
1647 1959 1947 2029 barbaros
1965 1961 2119 2031 ritus
2137 1961 2513 2061 degeneret.
2535 1965 2547 1973 “

464 2059 646 2125 Nam
690 2063 716 2125 1
726 2059 872 2127 talia
908 2061 1072 2127 ultro
1108 2059 1454 2155 prodigens
1491 2058 1779 2157 obsequii
1813 2057 2139 2159 cultusque
2185 2059 2507 2159 promiffa‚

462 2155 636 2250 quod
656 2151 748 2224 est
770 2156 844 2226 ad
870 2157 1164 2228 odiorum
1186 2159 1659 2230 immanitatem
1681 2179 1783 2230 aut
1807 2161 2125 2232 latronum
2149 2208 2169 2242 ‚
2213 2164 2277 2232 in
2299 2185 2513 2234 extre-

462 2280 642 2324 mum
662 2252 912 2326 saevitiae
938 2256 1110 2326 abiit.
1186 2260 1366 2328 Galli
1406 2284 1536 2330 non
1577 2260 1706 2356 pari
1739 2258 2109 2332 humilitate
2141 2262 2503 2342 verborum,

462 2352 882 2452 gestuumque
902 2404 924 2436 ‚
966 2356 1312 2428 amicitiam
1338 2360 1627 2430 colentes
1647 2414 1667 2440 „
1691 2360 1965 2430 multum
1989 2384 2241 2458 quoque
2261 2362 2343 2432 de
2363 2386 2505 2430 cru-

464 2454 728 2524 delitate
754 2454 1142 2528 remiserunt.
1198 2462 1440 2556 Neque
1458 2460 1629 2528 enim
1653 2480 1785 2526 tam
1808 2454 1993 2532 facile
2013 2462 2417 2540 adducuntur,
2431 2480 2499 2530 ut

464 2554 684 2648 impiis
708 2557 978 2628 coedibus
1000 2582 1232 2630 naturae
1252 2562 1346 2652 jus
1368 2560 1613 2630 violent
1637 2588 1657 2642 ·,
1693 2554 2043 2658 saltemque
2067 2582 2345 2632 mortem
2365 2560 2505 2658 sup-

464 2656 804 2750 pliciorum
828 2660 1174 2730 maximum
1198 2678 1418 2756 putant
1436 2704 1456 2736 ‚
1479 2684 1611 2727 non
1635 2676 1971 2754 poenarum
1991 2661 2349 2758 optabilem
2373 2686 2509 2732 me-

464 2774 626 2832 tam,
648 2760 708 2821 δι
734 2752 810 2820 ad
834 2782 1022 2850 quam
1044 2758 1314 2828 debeant
1336 2760 1617 2828 inimicis
1641 2782 1753 2853 per
1773 2780 2087 2830 tormenta
2107 2760 2341 2856 gradus
2361 2758 2505 2830 effe.

462 2852 758 2918 Demum
798 2856 1042 2950 Anglia
1080 2858 1114 2924 εὶ
1154 2860 1430 2928 Gallicae
1470 2858 1879 2928 humanitatis
1915 2884 2137 2954 pompa
2157 2858 2489 2938 recedent,

464 2948 662 3018 etiam
727 2952 932 3020 multo
990 2956 1190 3052 magis
1228 2954 1306 3024 ab
1342 2958 1448 3024 illa
1489 2956 1873 3028 crudelitatis
1903 2956 2169 3026 barbarie
2199 2954 2491 3026 divertit.

465 3050 650 3120 Nam
676 3054 740 3119 &
762 3050 1092 3144 praedones
1112 3052 1326 3150 spoliis
1348 3058 1643 3124 contenti
1671 3056 1825 3136 sunt,
1845 3062 1907 3127 &
1927 3054 2195 3125 omnino
2209 3048 2501 3122 insolens

464 3144 706 3218 facinus
730 3150 1008 3222 adimere
1030 3154 1264 3222 vitam:
1319 3156 1633 3252 oblongas
1663 3156 1953 3252 perticas,
1971 3150 2269 3250 ferroque
2289 3152 2509 3250 praefi-

466 3270 574 3312 xas
596 3304 616 3330 ,
640 3252 986 3322 cervicibus
1008 3256 1292 3322 euntium
1316 3256 1571 3326 illidunt
1593 3302 1611 3334 ,
1651 3280 1715 3324 ut
1733 3304 1753 3332 ‚
1785 3258 1999 3328 animo
2019 3280 2125 3350 per
2149 3252 2423 3322 subitum
2441 3260 2505 3324 δε

468 3342 728 3414 brevem
750 3350 1034 3446 liquente
1060 3374 1384 3448 torporem
1408 3402 1426 3432 a
1468 3380 1583 3424 nec
1623 3356 1713 3424 illi
1735 3352 1867 3426 suas
1889 3380 1985 3426 res
2007 3350 2353 3426 defendere
2373 3348 2505 3448 pos-

468 3442 612 3520 sint,
634 3468 750 3512 nec
772 3448 788 3512 i
800 3448 882 3542 pss
908 3452 982 3520 ad
1006 3454 1194 3524 caedis
1220 3450 1398 3522 nefas
1416 3454 1625 3552 adigi,
1650 3480 1771 3552 qua
1795 3480 2031 3528 mutue
2053 3456 2199 3526 rixae
2221 3448 2503 3550 frequen-

470 3562 564 3608 ter
590 3538 844 3616 funestae
870 3546 1036 3620 sunt.

568 3640 592 3666 ’⁸‘
620 3644 868 3716 Italiam
896 3671 1104 3720 autem
1126 3696 1146 3728 ‚
1186 3674 1543 3746 quanquam
1587 3672 1789 3722 totam
1839 3654 2047 3750 Alpes
2069 3660 2137 3726 δε
2161 3650 2427 3724 mariain
2445 3646 2499 3718 se

460 3740 850 3839 collegerint
870 3798 890 3830 ,
936 3752 1114 3820 unius
1132 3774 1386 3848 quoque
1412 3752 1641 3850 linguat
1665 3752 1969 3824 societate
1997 3773 2339 3850 cognatam
2361 3802 2381 3834 ‚
2413 3768 2495 3816 ta·

2353 3866 2497 3922 men
