<?xml version="1.0" encoding="UTF-8"?>
<!DOCTYPE html PUBLIC "-//W3C//DTD XHTML 1.0 Transitional//EN"
    "http://www.w3.org/TR/xhtml1/DTD/xhtml1-transitional.dtd">
<html xmlns="http://www.w3.org/1999/xhtml" xml:lang="en" lang="en">
 <head>
  <title>
</title>
<meta http-equiv="Content-Type" content="text/html;charset=utf-8" />
  <meta name='ocr-system' content='tesseract 3.04.00' />
  <meta name='ocr-capabilities' content='ocr_page ocr_carea ocr_par ocr_line ocrx_word'/>
</head>
<body>
  <div class='ocr_page' id='page_1' title='image "./euphormionislus00barcgoog_0370.png"; bbox 0 0 2738 4475; ppageno 0'>
   <div class='ocr_carea' id='block_1_1' title="bbox 461 244 2045 349">
    <p class='ocr_par' dir='ltr' id='par_1_1' title="bbox 461 244 2045 349">
     <span class='ocr_line' id='line_1_1' title="bbox 461 244 2045 349; baseline 0 -27"><span class='ocrx_word' id='word_1_1' title='bbox 461 269 601 349; x_wconf 79' lang='lat'>314</span> <span class='ocrx_word' id='word_1_2' title='bbox 936 244 1462 319; x_wconf 70' lang='lat' dir='ltr'>Eurnonm.</span> <span class='ocrx_word' id='word_1_3' title='bbox 1527 249 2045 322; x_wconf 59' lang='lat' dir='ltr'>Sti-trare!</span> 
     </span>
    </p>
   </div>
   <div class='ocr_carea' id='block_1_2' title="bbox 442 363 2531 1966">
    <p class='ocr_par' dir='ltr' id='par_1_2' title="bbox 442 363 2531 1966">
     <span class='ocr_line' id='line_1_2' title="bbox 556 363 2519 464; baseline 0.001 -23"><span class='ocrx_word' id='word_1_4' title='bbox 556 365 688 441; x_wconf 85' lang='lat' dir='ltr'>Sed</span> <span class='ocrx_word' id='word_1_5' title='bbox 721 365 791 440; x_wconf 88' lang='lat' dir='ltr'>in</span> <span class='ocrx_word' id='word_1_6' title='bbox 827 373 1270 464; x_wconf 87' lang='lat' dir='ltr'>Protagonem</span> <span class='ocrx_word' id='word_1_7' title='bbox 1301 369 1525 434; x_wconf 89' lang='lat' dir='ltr'>&#39;tamen</span> <span class='ocrx_word' id='word_1_8' title='bbox 1545 363 1682 436; x_wconf 81' lang='lat' dir='ltr'>lusit</span> <span class='ocrx_word' id='word_1_9' title='bbox 1701 411 1724 447; x_wconf 87' lang='lat'>,</span> <span class='ocrx_word' id='word_1_10' title='bbox 1761 372 1831 437; x_wconf 79' lang='grc' dir='ltr'>δι</span> <span class='ocrx_word' id='word_1_11' title='bbox 1854 363 1939 438; x_wconf 90' lang='lat' dir='ltr'>de</span> <span class='ocrx_word' id='word_1_12' title='bbox 1959 364 2316 440; x_wconf 86' lang='lat' dir='ltr'>Doromiso</span> <span class='ocrx_word' id='word_1_13' title='bbox 2332 372 2519 448; x_wconf 58' lang='lat' dir='ltr'>totas!</span> 
     </span>
     <span class='ocr_line' id='line_1_3' title="bbox 455 461 2506 563; baseline -0 -20"><span class='ocrx_word' id='word_1_14' title='bbox 455 469 703 543; x_wconf 82' lang='lat' dir='ltr'>chartas</span> <span class='ocrx_word' id='word_1_15' title='bbox 723 466 1045 563; x_wconf 89' lang='lat' dir='ltr'>implevit.</span> <span class='ocrx_word' id='word_1_16' title='bbox 1088 466 1159 538; x_wconf 93' lang='lat' dir='ltr'>O</span> <span class='ocrx_word' id='word_1_17' title='bbox 1180 461 1553 535; x_wconf 80' lang='lat' dir='ltr'>horribilem</span> <span class='ocrx_word' id='word_1_18' title='bbox 1574 466 1890 538; x_wconf 64' lang='lat' dir='ltr'>reRarum</span> <span class='ocrx_word' id='word_1_19' title='bbox 1911 468 2217 539; x_wconf 83' lang='lat' dir='ltr'>mentium</span> <span class='ocrx_word' id='word_1_20' title='bbox 2236 470 2506 542; x_wconf 78' lang='lat' dir='ltr'>calami-</span> 
     </span>
     <span class='ocr_line' id='line_1_4' title="bbox 454 560 2504 662; baseline 0 -20"><span class='ocrx_word' id='word_1_21' title='bbox 454 593 655 643; x_wconf 82' lang='lat' dir='ltr'>tatem</span> <span class='ocrx_word' id='word_1_22' title='bbox 704 568 718 639; x_wconf 85' lang='lat'>!</span> <span class='ocrx_word' id='word_1_23' title='bbox 761 560 971 637; x_wconf 86' lang='lat' dir='ltr'>secura</span> <span class='ocrx_word' id='word_1_24' title='bbox 1005 562 1254 662; x_wconf 84' lang='lat' dir='ltr'>flagitia</span> <span class='ocrx_word' id='word_1_25' title='bbox 1270 587 1581 661; x_wconf 89' lang='lat' dir='ltr'>occupare</span> <span class='ocrx_word' id='word_1_26' title='bbox 1599 567 1857 660; x_wconf 86' lang='lat' dir='ltr'>praemia</span> <span class='ocrx_word' id='word_1_27' title='bbox 1875 568 2119 640; x_wconf 87' lang='lat' dir='ltr'>virtutis</span> <span class='ocrx_word' id='word_1_28' title='bbox 2134 615 2158 651; x_wconf 88' lang='lat'>‚</span> <span class='ocrx_word' id='word_1_29' title='bbox 2177 566 2504 642; x_wconf 73' lang='lat' dir='ltr'>beneficia</span> 
     </span>
     <span class='ocr_line' id='line_1_5' title="bbox 453 661 2502 766; baseline 0.001 -25"><span class='ocrx_word' id='word_1_30' title='bbox 453 693 667 741; x_wconf 87' lang='lat' dir='ltr'>autem</span> <span class='ocrx_word' id='word_1_31' title='bbox 706 673 773 739; x_wconf 72' lang='grc' dir='ltr'>δε</span> <span class='ocrx_word' id='word_1_32' title='bbox 812 665 1042 737; x_wconf 88' lang='lat' dir='ltr'>merita</span> <span class='ocrx_word' id='word_1_33' title='bbox 1076 663 1364 762; x_wconf 89' lang='lat' dir='ltr'>periculo</span> <span class='ocrx_word' id='word_1_34' title='bbox 1400 661 1738 736; x_wconf 85' lang='lat' dir='ltr'>sceleribus</span> <span class='ocrx_word' id='word_1_35' title='bbox 1769 665 2121 739; x_wconf 85' lang='lat' dir='ltr'>constituto</span> <span class='ocrx_word' id='word_1_36' title='bbox 2138 666 2502 766; x_wconf 80' lang='lat' dir='ltr'><strong>pallescere.</strong></span> 
     </span>
     <span class='ocr_line' id='line_1_6' title="bbox 450 760 2503 869; baseline -0 -29"><span class='ocrx_word' id='word_1_37' title='bbox 450 774 607 869; x_wconf 86' lang='lat' dir='ltr'>Ego</span> <span class='ocrx_word' id='word_1_38' title='bbox 648 791 803 840; x_wconf 85' lang='lat' dir='ltr'>vero</span> <span class='ocrx_word' id='word_1_39' title='bbox 824 761 870 835; x_wconf 80' lang='lat' dir='ltr'>si</span> <span class='ocrx_word' id='word_1_40' title='bbox 889 765 1294 835; x_wconf 84' lang='lat' dir='ltr'>literatorum</span> <span class='ocrx_word' id='word_1_41' title='bbox 1313 760 1667 835; x_wconf 87' lang='lat' dir='ltr'>infortunio</span> <span class='ocrx_word' id='word_1_42' title='bbox 1685 764 1996 862; x_wconf 81' lang='lat' dir='ltr'>quaestum</span> <span class='ocrx_word' id='word_1_43' title='bbox 2013 770 2394 866; x_wconf 75' lang='lat' dir='ltr'>accepissem</span> <span class='ocrx_word' id='word_1_44' title='bbox 2418 769 2503 839; x_wconf 88' lang='lat' dir='ltr'>li-</span> 
     </span>
     <span class='ocr_line' id='line_1_7' title="bbox 451 861 2500 965; baseline -0 -24"><span class='ocrx_word' id='word_1_45' title='bbox 451 868 723 942; x_wconf 86' lang='lat' dir='ltr'>brarium</span> <span class='ocrx_word' id='word_1_46' title='bbox 745 912 766 945; x_wconf 87' lang='lat'>,</span> <span class='ocrx_word' id='word_1_47' title='bbox 807 864 1192 965; x_wconf 82' lang='lat' dir='ltr'>anxiamque</span> <span class='ocrx_word' id='word_1_48' title='bbox 1245 861 1614 936; x_wconf 85' lang='lat' dir='ltr'>mercedem</span> <span class='ocrx_word' id='word_1_49' title='bbox 1684 863 2095 952; x_wconf 84' lang='lat' dir='ltr'>sordidiffima</span> <span class='ocrx_word' id='word_1_50' title='bbox 2134 867 2500 941; x_wconf 78' lang='lat' dir='ltr'>adulatione</span> 
     </span>
     <span class='ocr_line' id='line_1_8' title="bbox 446 961 2513 1066; baseline 0 -26"><span class='ocrx_word' id='word_1_51' title='bbox 446 961 792 1066; x_wconf 82' lang='lat' dir='ltr'>captaffem</span> <span class='ocrx_word' id='word_1_52' title='bbox 810 1010 832 1047; x_wconf 86' lang='lat'>,</span> <span class='ocrx_word' id='word_1_53' title='bbox 870 988 1070 1036; x_wconf 89' lang='lat' dir='ltr'>nemo</span> <span class='ocrx_word' id='word_1_54' title='bbox 1100 984 1248 1035; x_wconf 87' lang='lat' dir='ltr'>ante</span> <span class='ocrx_word' id='word_1_55' title='bbox 1280 970 1721 1062; x_wconf 85' lang='lat' dir='ltr'>Protagonem</span> <span class='ocrx_word' id='word_1_56' title='bbox 1754 987 1887 1038; x_wconf 88' lang='lat' dir='ltr'>erat</span> <span class='ocrx_word' id='word_1_57' title='bbox 1926 969 2025 1038; x_wconf 91' lang='lat' dir='ltr'>cui</span> <span class='ocrx_word' id='word_1_58' title='bbox 2046 993 2234 1041; x_wconf 88' lang='lat' dir='ltr'>meos</span> <span class='ocrx_word' id='word_1_59' title='bbox 2258 968 2513 1041; x_wconf 83' lang='lat' dir='ltr'>labores</span> 
     </span>
     <span class='ocr_line' id='line_1_9' title="bbox 446 1059 2496 1165; baseline -0.002 -24"><span class='ocrx_word' id='word_1_60' title='bbox 446 1065 945 1165; x_wconf 77' lang='lat' dir='ltr'>exprobrarem:</span> <span class='ocrx_word' id='word_1_61' title='bbox 976 1064 1159 1136; x_wconf 88' lang='lat' dir='ltr'>illum</span> <span class='ocrx_word' id='word_1_62' title='bbox 1189 1084 1367 1133; x_wconf 86' lang='lat' dir='ltr'>extra</span> <span class='ocrx_word' id='word_1_63' title='bbox 1402 1059 2005 1139; x_wconf 85' lang='lat' dir='ltr'>humanamsortem</span> <span class='ocrx_word' id='word_1_64' title='bbox 2023 1067 2311 1139; x_wconf 89' lang='lat' dir='ltr'>laudibus</span> <span class='ocrx_word' id='word_1_65' title='bbox 2331 1067 2496 1138; x_wconf 90' lang='lat' dir='ltr'>edu-</span> 
     </span>
     <span class='ocr_line' id='line_1_10' title="bbox 449 1160 2531 1262; baseline 0 -23"><span class='ocrx_word' id='word_1_66' title='bbox 449 1168 651 1247; x_wconf 68' lang='lat' dir='ltr'>stum,</span> <span class='ocrx_word' id='word_1_67' title='bbox 675 1166 858 1237; x_wconf 88' lang='lat' dir='ltr'>illum</span> <span class='ocrx_word' id='word_1_68' title='bbox 876 1162 1021 1234; x_wconf 87' lang='lat' dir='ltr'>huic</span> <span class='ocrx_word' id='word_1_69' title='bbox 1039 1160 1270 1235; x_wconf 83' lang='lat' dir='ltr'>honori</span> <span class='ocrx_word' id='word_1_70' title='bbox 1291 1162 1399 1262; x_wconf 91' lang='lat' dir='ltr'>qui</span> <span class='ocrx_word' id='word_1_71' title='bbox 1419 1160 1514 1232; x_wconf 90' lang='lat' dir='ltr'>est</span> <span class='ocrx_word' id='word_1_72' title='bbox 1532 1163 1876 1237; x_wconf 83' lang='lat' dir='ltr'>ambitioni</span> <span class='ocrx_word' id='word_1_73' title='bbox 1894 1167 2184 1242; x_wconf 82' lang='lat' dir='ltr'>bumanae</span> <span class='ocrx_word' id='word_1_74' title='bbox 2205 1164 2484 1239; x_wconf 84' lang='lat' dir='ltr'>chariffi-</span> <span class='ocrx_word' id='word_1_75' title='bbox 2512 1163 2531 1172; x_wconf 62' lang='lat'><em>&#39;</em></span> 
     </span>
     <span class='ocr_line' id='line_1_11' title="bbox 446 1261 2509 1366; baseline -0.001 -26"><span class='ocrx_word' id='word_1_76' title='bbox 446 1291 587 1340; x_wconf 90' lang='lat' dir='ltr'>mus</span> <span class='ocrx_word' id='word_1_77' title='bbox 618 1261 745 1337; x_wconf 88' lang='lat' dir='ltr'>esse</span> <span class='ocrx_word' id='word_1_78' title='bbox 774 1261 1185 1350; x_wconf 60' lang='lat' dir='ltr'>subvertam</span> <span class='ocrx_word' id='word_1_79' title='bbox 1219 1285 1343 1333; x_wconf 89' lang='lat' dir='ltr'>nec</span> <span class='ocrx_word' id='word_1_80' title='bbox 1385 1262 1576 1333; x_wconf 87' lang='lat' dir='ltr'>unico</span> <span class='ocrx_word' id='word_1_81' title='bbox 1612 1261 1829 1334; x_wconf 89' lang='lat' dir='ltr'>seculo</span> <span class='ocrx_word' id='word_1_82' title='bbox 1846 1265 2139 1339; x_wconf 86' lang='lat' dir='ltr'>duratura</span> <span class='ocrx_word' id='word_1_83' title='bbox 2154 1267 2509 1366; x_wconf 69' lang='lat' dir='ltr'>praeconia,</span> 
     </span>
     <span class='ocr_line' id='line_1_12' title="bbox 446 1359 2502 1464; baseline 0.001 -28"><span class='ocrx_word' id='word_1_84' title='bbox 446 1364 771 1442; x_wconf 87' lang='lat' dir='ltr'>morituris</span> <span class='ocrx_word' id='word_1_85' title='bbox 788 1360 1012 1435; x_wconf 88' lang='lat' dir='ltr'>saltem</span> <span class='ocrx_word' id='word_1_86' title='bbox 1029 1361 1216 1434; x_wconf 87' lang='lat' dir='ltr'>donis</span> <span class='ocrx_word' id='word_1_87' title='bbox 1236 1370 1303 1434; x_wconf 74' lang='grc' dir='ltr'>δι</span> <span class='ocrx_word' id='word_1_88' title='bbox 1324 1359 1670 1461; x_wconf 86' lang='lat' dir='ltr'>imparibus</span> <span class='ocrx_word' id='word_1_89' title='bbox 1692 1367 2147 1463; x_wconf 87' lang='lat' dir='ltr'>comparanda,</span> <span class='ocrx_word' id='word_1_90' title='bbox 2171 1391 2330 1437; x_wconf 92' lang='lat' dir='ltr'>nunc</span> <span class='ocrx_word' id='word_1_91' title='bbox 2349 1393 2502 1464; x_wconf 88' lang='lat' dir='ltr'>gra-</span> 
     </span>
     <span class='ocr_line' id='line_1_13' title="bbox 444 1460 2496 1539; baseline 0.001 -3"><span class='ocrx_word' id='word_1_92' title='bbox 444 1467 624 1539; x_wconf 88' lang='lat' dir='ltr'>tuitis</span> <span class='ocrx_word' id='word_1_93' title='bbox 658 1462 1024 1538; x_wconf 86' lang='lat' dir='ltr'>muneribus</span> <span class='ocrx_word' id='word_1_94' title='bbox 1065 1471 1130 1537; x_wconf 87' lang='lat'>&amp;</span> <span class='ocrx_word' id='word_1_95' title='bbox 1152 1486 1232 1533; x_wconf 91' lang='lat' dir='ltr'>ne</span> <span class='ocrx_word' id='word_1_96' title='bbox 1252 1460 1562 1535; x_wconf 80' lang='lat' dir='ltr'>aestimata</span> <span class='ocrx_word' id='word_1_97' title='bbox 1575 1463 1943 1537; x_wconf 88' lang='lat' dir='ltr'>viderentur</span> <span class='ocrx_word' id='word_1_98' title='bbox 1962 1464 2224 1539; x_wconf 88' lang='lat' dir='ltr'>confuso</span> <span class='ocrx_word' id='word_1_99' title='bbox 2241 1464 2347 1535; x_wconf 93' lang='lat' dir='ltr'>sub</span> <span class='ocrx_word' id='word_1_100' title='bbox 2365 1469 2496 1539; x_wconf 88' lang='lat' dir='ltr'>Eu-</span> 
     </span>
     <span class='ocr_line' id='line_1_14' title="bbox 443 1563 2503 1665; baseline -0.001 -29"><span class='ocrx_word' id='word_1_101' title='bbox 443 1564 836 1665; x_wconf 81' lang='lat' dir='ltr'>phormione</span> <span class='ocrx_word' id='word_1_102' title='bbox 855 1563 1122 1640; x_wconf 89' lang='lat' dir='ltr'>nomine</span> <span class='ocrx_word' id='word_1_103' title='bbox 1140 1564 1475 1664; x_wconf 83' lang='lat' dir='ltr'>largientis</span> <span class='ocrx_word' id='word_1_104' title='bbox 1493 1563 1623 1664; x_wconf 85' lang='lat' dir='ltr'>ipsa</span> <span class='ocrx_word' id='word_1_105' title='bbox 1638 1567 1840 1664; x_wconf 85' lang='lat' dir='ltr'>gratia</span> <span class='ocrx_word' id='word_1_106' title='bbox 1858 1570 2069 1664; x_wconf 86' lang='lat' dir='ltr'>periit,</span> <span class='ocrx_word' id='word_1_107' title='bbox 2092 1577 2160 1642; x_wconf 83' lang='lat'>&amp;</span> <span class='ocrx_word' id='word_1_108' title='bbox 2185 1570 2319 1665; x_wconf 87' lang='lat' dir='ltr'>plus</span> <span class='ocrx_word' id='word_1_109' title='bbox 2331 1566 2503 1652; x_wconf 51' lang='lat' dir='ltr'>invi-¹¹</span> 
     </span>
     <span class='ocr_line' id='line_1_15' title="bbox 447 1662 2506 1765; baseline 0 -29"><span class='ocrx_word' id='word_1_110' title='bbox 447 1666 623 1737; x_wconf 86' lang='lat' dir='ltr'>diam</span> <span class='ocrx_word' id='word_1_111' title='bbox 648 1720 665 1747; x_wconf 89' lang='lat'><strong>,</strong></span> <span class='ocrx_word' id='word_1_112' title='bbox 702 1663 936 1738; x_wconf 86' lang='lat' dir='ltr'>horum</span> <span class='ocrx_word' id='word_1_113' title='bbox 966 1687 1340 1765; x_wconf 89' lang='lat' dir='ltr'>temporum</span> <span class='ocrx_word' id='word_1_114' title='bbox 1367 1669 1633 1744; x_wconf 82' lang='lat' dir='ltr'>vitium,</span> <span class='ocrx_word' id='word_1_115' title='bbox 1673 1691 2100 1764; x_wconf 84' lang='lat' dir='ltr'>quammeam</span> <span class='ocrx_word' id='word_1_116' title='bbox 2119 1667 2321 1740; x_wconf 85' lang='lat' dir='ltr'>fidem</span> <span class='ocrx_word' id='word_1_117' title='bbox 2339 1662 2506 1737; x_wconf 88' lang='lat' dir='ltr'>inas-</span> 
     </span>
     <span class='ocr_line' id='line_1_16' title="bbox 442 1762 2513 1866; baseline -0 -29"><span class='ocrx_word' id='word_1_118' title='bbox 442 1762 617 1838; x_wconf 84' lang='lat' dir='ltr'>sueta</span> <span class='ocrx_word' id='word_1_119' title='bbox 649 1766 982 1866; x_wconf 85' lang='lat' dir='ltr'>integritas</span> <span class='ocrx_word' id='word_1_120' title='bbox 1002 1767 1261 1860; x_wconf 57' lang='lat' dir='ltr'>adjuq‘t.</span> <span class='ocrx_word' id='word_1_121' title='bbox 1338 1769 1517 1839; x_wconf 88' lang='lat' dir='ltr'>Ecce</span> <span class='ocrx_word' id='word_1_122' title='bbox 1534 1787 1746 1836; x_wconf 91' lang='lat' dir='ltr'>autem</span> <span class='ocrx_word' id='word_1_123' title='bbox 1768 1790 1849 1834; x_wconf 89' lang='lat' dir='ltr'>ne</span> <span class='ocrx_word' id='word_1_124' title='bbox 1865 1765 1989 1836; x_wconf 88' lang='lat' dir='ltr'>hoc</span> <span class='ocrx_word' id='word_1_125' title='bbox 2008 1767 2286 1863; x_wconf 87' lang='lat' dir='ltr'>quidem</span> <span class='ocrx_word' id='word_1_126' title='bbox 2305 1766 2513 1838; x_wconf 86' lang='lat' dir='ltr'>bene-</span> 
     </span>
     <span class='ocr_line' id='line_1_17' title="bbox 448 1861 2515 1966; baseline -0.001 -28"><span class='ocrx_word' id='word_1_127' title='bbox 448 1862 674 1939; x_wconf 84' lang='lat' dir='ltr'>ficium</span> <span class='ocrx_word' id='word_1_128' title='bbox 693 1861 819 1937; x_wconf 87' lang='lat' dir='ltr'>fata</span> <span class='ocrx_word' id='word_1_129' title='bbox 836 1866 1267 1966; x_wconf 87' lang='lat' dir='ltr'>indulgent‚ut</span> <span class='ocrx_word' id='word_1_130' title='bbox 1289 1865 1454 1963; x_wconf 84' lang='lat' dir='ltr'>apud</span> <span class='ocrx_word' id='word_1_131' title='bbox 1476 1861 1855 1935; x_wconf 87' lang='lat' dir='ltr'>sentientem</span> <span class='ocrx_word' id='word_1_132' title='bbox 1880 1887 1987 1932; x_wconf 89' lang='lat' dir='ltr'>me</span> <span class='ocrx_word' id='word_1_133' title='bbox 2004 1863 2334 1944; x_wconf 81' lang='lat' dir='ltr'>excusem,</span> <span class='ocrx_word' id='word_1_134' title='bbox 2354 1889 2515 1936; x_wconf 82' lang='lat' dir='ltr'>cum</span> 
     </span>
    </p>
   </div>
   <div class='ocr_carea' id='block_1_3' title="bbox 444 1958 2507 2160">
    <p class='ocr_par' dir='ltr' id='par_1_3' title="bbox 444 1958 2507 2160">
     <span class='ocr_line' id='line_1_18' title="bbox 448 1958 2507 2059; baseline -0.004 -22"><span class='ocrx_word' id='word_1_135' title='bbox 448 1967 712 2038; x_wconf 83' lang='lat' dir='ltr'>vulnere</span> <span class='ocrx_word' id='word_1_136' title='bbox 758 1963 834 2054; x_wconf 86' lang='grc' dir='ltr'>(ὃ</span> <span class='ocrx_word' id='word_1_137' title='bbox 871 1964 1056 2037; x_wconf 88' lang='lat' dir='ltr'>dolor</span> <span class='ocrx_word' id='word_1_138' title='bbox 1081 1968 1134 2057; x_wconf 85' lang='lat' dir='ltr'>l)</span> <span class='ocrx_word' id='word_1_139' title='bbox 1157 1959 1299 2059; x_wconf 88' lang='lat' dir='ltr'>post</span> <span class='ocrx_word' id='word_1_140' title='bbox 1315 1963 1602 2033; x_wconf 87' lang='lat' dir='ltr'>omnium</span> <span class='ocrx_word' id='word_1_141' title='bbox 1627 1960 1996 2030; x_wconf 79' lang='lat' dir='ltr'>memoriam</span> <span class='ocrx_word' id='word_1_142' title='bbox 2015 1958 2507 2055; x_wconf 57' lang='lat' dir='ltr'>indigniffimo,</span> 
     </span>
     <span class='ocr_line' id='line_1_19' title="bbox 444 2053 2493 2160; baseline -0.006 -25"><span class='ocrx_word' id='word_1_143' title='bbox 444 2066 559 2135; x_wconf 85' lang='lat' dir='ltr'>ille</span> <span class='ocrx_word' id='word_1_144' title='bbox 594 2072 913 2160; x_wconf 87' lang='lat' dir='ltr'>Protagon</span> <span class='ocrx_word' id='word_1_145' title='bbox 932 2107 955 2140; x_wconf 87' lang='lat'>,</span> <span class='ocrx_word' id='word_1_146' title='bbox 988 2064 1097 2129; x_wconf 87' lang='lat' dir='ltr'>ille</span> <span class='ocrx_word' id='word_1_147' title='bbox 1133 2082 1316 2127; x_wconf 89' lang='lat' dir='ltr'>natus</span> <span class='ocrx_word' id='word_1_148' title='bbox 1332 2058 1412 2126; x_wconf 88' lang='lat' dir='ltr'>ad</span> <span class='ocrx_word' id='word_1_149' title='bbox 1426 2057 1794 2127; x_wconf 72' lang='lat' dir='ltr'>‘miraculum</span> <span class='ocrx_word' id='word_1_150' title='bbox 1815 2075 2153 2133; x_wconf 84' lang='lat' dir='ltr'>terrarum,</span> <span class='ocrx_word' id='word_1_151' title='bbox 2173 2053 2335 2125; x_wconf 85' lang='lat' dir='ltr'>desti</span> <span class='ocrx_word' id='word_1_152' title='bbox 2344 2075 2493 2124; x_wconf 90' lang='lat' dir='ltr'>tue-</span> 
     </span>
    </p>
   </div>
   <div class='ocr_carea' id='block_1_4' title="bbox 432 2147 2504 3550">
    <p class='ocr_par' dir='ltr' id='par_1_4' title="bbox 432 2147 2501 3233">
     <span class='ocr_line' id='line_1_20' title="bbox 443 2147 2498 2241; baseline -0.004 -9"><span class='ocrx_word' id='word_1_153' title='bbox 443 2161 527 2232; x_wconf 84' lang='lat' dir='ltr'>rit</span> <span class='ocrx_word' id='word_1_154' title='bbox 570 2160 851 2233; x_wconf 88' lang='lat' dir='ltr'>Orbem.</span> <span class='ocrx_word' id='word_1_155' title='bbox 902 2155 1073 2227; x_wconf 84' lang='lat' dir='ltr'>Proh</span> <span class='ocrx_word' id='word_1_156' title='bbox 1106 2149 1349 2224; x_wconf 86' lang='lat' dir='ltr'>facinus</span> <span class='ocrx_word' id='word_1_157' title='bbox 1388 2153 1466 2224; x_wconf 88' lang='lat' dir='ltr'>ad</span> <span class='ocrx_word' id='word_1_158' title='bbox 1506 2151 1703 2224; x_wconf 88' lang='lat' dir='ltr'>nostri</span> <span class='ocrx_word' id='word_1_159' title='bbox 1738 2153 1852 2223; x_wconf 85' lang='lat' dir='ltr'>aevi</span> <span class='ocrx_word' id='word_1_160' title='bbox 1869 2147 2208 2224; x_wconf 86' lang='lat' dir='ltr'>infamiam</span> <span class='ocrx_word' id='word_1_161' title='bbox 2226 2151 2498 2241; x_wconf 76' lang='lat' dir='ltr'>efficax,</span> 
     </span>
     <span class='ocr_line' id='line_1_21' title="bbox 440 2251 2500 2357; baseline 0 -32"><span class='ocrx_word' id='word_1_162' title='bbox 440 2257 617 2357; x_wconf 90' lang='lat' dir='ltr'>quod</span> <span class='ocrx_word' id='word_1_163' title='bbox 652 2278 762 2354; x_wconf 89' lang='lat' dir='ltr'>per</span> <span class='ocrx_word' id='word_1_164' title='bbox 782 2254 1185 2341; x_wconf 80' lang='lat' dir='ltr'>teterrimum</span> <span class='ocrx_word' id='word_1_165' title='bbox 1204 2251 1384 2325; x_wconf 89' lang='lat' dir='ltr'>nefas</span> <span class='ocrx_word' id='word_1_166' title='bbox 1407 2274 1650 2326; x_wconf 88' lang='lat' dir='ltr'>tantum</span> <span class='ocrx_word' id='word_1_167' title='bbox 1672 2253 2031 2351; x_wconf 87' lang='lat' dir='ltr'>principem</span> <span class='ocrx_word' id='word_1_168' title='bbox 2051 2252 2350 2326; x_wconf 86' lang='lat' dir='ltr'>nondum</span> <span class='ocrx_word' id='word_1_169' title='bbox 2372 2279 2500 2353; x_wconf 87' lang='lat' dir='ltr'>po-</span> 
     </span>
     <span class='ocr_line' id='line_1_22' title="bbox 432 2349 2501 2452; baseline -0.002 -23"><span class='ocrx_word' id='word_1_170' title='bbox 432 2354 635 2429; x_wconf 90' lang='lat' dir='ltr'>scenti</span> <span class='ocrx_word' id='word_1_171' title='bbox 668 2349 947 2425; x_wconf 88' lang='lat' dir='ltr'>reddidit</span> <span class='ocrx_word' id='word_1_172' title='bbox 983 2354 1186 2426; x_wconf 81' lang='lat' dir='ltr'>coelo.</span> <span class='ocrx_word' id='word_1_173' title='bbox 1241 2353 1375 2426; x_wconf 88' lang='lat' dir='ltr'>Sed</span> <span class='ocrx_word' id='word_1_174' title='bbox 1410 2358 1477 2425; x_wconf 79' lang='grc' dir='ltr'>δι</span> <span class='ocrx_word' id='word_1_175' title='bbox 1498 2352 1710 2450; x_wconf 86' lang='lat' dir='ltr'>stupor</span> <span class='ocrx_word' id='word_1_176' title='bbox 1726 2349 2083 2450; x_wconf 84' lang='lat' dir='ltr'>lachrymas</span> <span class='ocrx_word' id='word_1_177' title='bbox 2108 2402 2131 2436; x_wconf 87' lang='lat'>‚</span> <span class='ocrx_word' id='word_1_178' title='bbox 2178 2363 2246 2427; x_wconf 85' lang='lat'>&amp;</span> <span class='ocrx_word' id='word_1_179' title='bbox 2272 2351 2501 2452; x_wconf 85' lang='lat' dir='ltr'>stupo-</span> 
     </span>
     <span class='ocr_line' id='line_1_23' title="bbox 436 2453 2498 2551; baseline -0.002 -21"><span class='ocrx_word' id='word_1_180' title='bbox 436 2480 575 2531; x_wconf 82' lang='lat' dir='ltr'>rem</span> <span class='ocrx_word' id='word_1_181' title='bbox 595 2453 855 2524; x_wconf 87' lang='lat' dir='ltr'>ultionis</span> <span class='ocrx_word' id='word_1_182' title='bbox 877 2453 1189 2550; x_wconf 89' lang='lat' dir='ltr'>cupiditas</span> <span class='ocrx_word' id='word_1_183' title='bbox 1209 2501 1230 2536; x_wconf 88' lang='lat'>,</span> <span class='ocrx_word' id='word_1_184' title='bbox 1265 2454 1348 2524; x_wconf 91' lang='lat' dir='ltr'>de</span> <span class='ocrx_word' id='word_1_185' title='bbox 1369 2455 1661 2525; x_wconf 90' lang='lat' dir='ltr'>omnium</span> <span class='ocrx_word' id='word_1_186' title='bbox 1680 2477 1863 2550; x_wconf 80' lang='lat' dir='ltr'>paene</span> <span class='ocrx_word' id='word_1_187' title='bbox 1880 2455 2181 2551; x_wconf 87' lang='lat' dir='ltr'>gentium</span> <span class='ocrx_word' id='word_1_188' title='bbox 2202 2454 2401 2525; x_wconf 90' lang='lat' dir='ltr'>corde</span> <span class='ocrx_word' id='word_1_189' title='bbox 2422 2460 2498 2526; x_wconf 73' lang='grc' dir='ltr'>δε</span> 
     </span>
     <span class='ocr_line' id='line_1_24' title="bbox 444 2550 2500 2652; baseline -0.001 -25"><span class='ocrx_word' id='word_1_190' title='bbox 444 2555 649 2627; x_wconf 89' lang='lat' dir='ltr'>oculis</span> <span class='ocrx_word' id='word_1_191' title='bbox 669 2550 1006 2628; x_wconf 79' lang='lat' dir='ltr'>submovit.</span> <span class='ocrx_word' id='word_1_192' title='bbox 1069 2560 1161 2624; x_wconf 88' lang='lat' dir='ltr'>At</span> <span class='ocrx_word' id='word_1_193' title='bbox 1178 2575 1245 2624; x_wconf 91' lang='lat' dir='ltr'>te</span> <span class='ocrx_word' id='word_1_194' title='bbox 1266 2550 1587 2624; x_wconf 82' lang='lat' dir='ltr'>adoranda</span> <span class='ocrx_word' id='word_1_195' title='bbox 1610 2554 1875 2637; x_wconf 84' lang='lat' dir='ltr'>Anima,</span> <span class='ocrx_word' id='word_1_196' title='bbox 1894 2574 1961 2623; x_wconf 90' lang='lat' dir='ltr'>te</span> <span class='ocrx_word' id='word_1_197' title='bbox 1979 2555 2213 2625; x_wconf 87' lang='lat' dir='ltr'>melius</span> <span class='ocrx_word' id='word_1_198' title='bbox 2238 2578 2350 2652; x_wconf 86' lang='lat' dir='ltr'>per</span> <span class='ocrx_word' id='word_1_199' title='bbox 2369 2553 2500 2625; x_wconf 88' lang='lat' dir='ltr'>vir-</span> 
     </span>
     <span class='ocr_line' id='line_1_25' title="bbox 447 2646 2499 2752; baseline -0.001 -26"><span class='ocrx_word' id='word_1_200' title='bbox 447 2677 621 2727; x_wconf 83' lang='lat' dir='ltr'>tutes</span> <span class='ocrx_word' id='word_1_201' title='bbox 660 2660 727 2726; x_wconf 86' lang='lat'>&amp;</span> <span class='ocrx_word' id='word_1_202' title='bbox 748 2646 984 2724; x_wconf 86' lang='lat' dir='ltr'>famam</span> <span class='ocrx_word' id='word_1_203' title='bbox 1000 2677 1194 2752; x_wconf 89' lang='lat' dir='ltr'>quam</span> <span class='ocrx_word' id='word_1_204' title='bbox 1214 2679 1329 2751; x_wconf 88' lang='lat' dir='ltr'>per</span> <span class='ocrx_word' id='word_1_205' title='bbox 1344 2674 1686 2725; x_wconf 84' lang='lat' dir='ltr'>exeuntem</span> <span class='ocrx_word' id='word_1_206' title='bbox 1706 2652 1785 2724; x_wconf 91' lang='lat' dir='ltr'>de</span> <span class='ocrx_word' id='word_1_207' title='bbox 1803 2650 1992 2729; x_wconf 84' lang='lat' dir='ltr'>busto</span> <span class='ocrx_word' id='word_1_208' title='bbox 2015 2655 2321 2750; x_wconf 85' lang='lat' dir='ltr'>Aquilam</span> <span class='ocrx_word' id='word_1_209' title='bbox 2339 2678 2499 2724; x_wconf 85' lang='lat' dir='ltr'>con-</span> 
     </span>
     <span class='ocr_line' id='line_1_26' title="bbox 441 2749 2495 2851; baseline -0.001 -24"><span class='ocrx_word' id='word_1_210' title='bbox 441 2752 780 2837; x_wconf 83' lang='lat' dir='ltr'>secratam,</span> <span class='ocrx_word' id='word_1_211' title='bbox 797 2752 902 2824; x_wconf 88' lang='lat' dir='ltr'>hic</span> <span class='ocrx_word' id='word_1_212' title='bbox 920 2754 1102 2824; x_wconf 90' lang='lat' dir='ltr'>omni</span> <span class='ocrx_word' id='word_1_213' title='bbox 1117 2749 1521 2826; x_wconf 89' lang='lat' dir='ltr'>solicitudine</span> <span class='ocrx_word' id='word_1_214' title='bbox 1541 2750 1892 2851; x_wconf 75' lang='lat' dir='ltr'>placabo-‚fi</span> <span class='ocrx_word' id='word_1_215' title='bbox 1910 2754 2069 2851; x_wconf 88' lang='lat' dir='ltr'>quid</span> <span class='ocrx_word' id='word_1_216' title='bbox 2090 2754 2169 2825; x_wconf 89' lang='lat' dir='ltr'>de</span> <span class='ocrx_word' id='word_1_217' title='bbox 2186 2776 2315 2827; x_wconf 89' lang='lat' dir='ltr'>tam</span> <span class='ocrx_word' id='word_1_218' title='bbox 2333 2751 2495 2844; x_wconf 81' lang='lat' dir='ltr'>justa</span> 
     </span>
     <span class='ocr_line' id='line_1_27' title="bbox 443 2849 2486 2951; baseline -0.001 -27"><span class='ocrx_word' id='word_1_219' title='bbox 443 2849 750 2924; x_wconf 86' lang='lat' dir='ltr'>remisero</span> <span class='ocrx_word' id='word_1_220' title='bbox 767 2876 935 2931; x_wconf 87' lang='lat' dir='ltr'>cura,</span> <span class='ocrx_word' id='word_1_221' title='bbox 955 2877 1089 2923; x_wconf 90' lang='lat' dir='ltr'>non</span> <span class='ocrx_word' id='word_1_222' title='bbox 1109 2853 1361 2924; x_wconf 88' lang='lat' dir='ltr'>minore</span> <span class='ocrx_word' id='word_1_223' title='bbox 1381 2851 1634 2951; x_wconf 86' lang='lat' dir='ltr'>flagitio</span> <span class='ocrx_word' id='word_1_224' title='bbox 1653 2878 1843 2951; x_wconf 90' lang='lat' dir='ltr'>quam</span> <span class='ocrx_word' id='word_1_225' title='bbox 1862 2850 1906 2924; x_wconf 87' lang='lat' dir='ltr'>fi</span> <span class='ocrx_word' id='word_1_226' title='bbox 1929 2854 2251 2925; x_wconf 85' lang='lat' dir='ltr'>viventem</span> <span class='ocrx_word' id='word_1_227' title='bbox 2272 2850 2486 2922; x_wconf 84' lang='lat' dir='ltr'>offen-</span> 
     </span>
     <span class='ocr_line' id='line_1_28' title="bbox 448 2947 2491 3048; baseline -0.001 -24"><span class='ocrx_word' id='word_1_228' title='bbox 448 2948 670 3025; x_wconf 83' lang='lat' dir='ltr'>dissem</span> <span class='ocrx_word' id='word_1_229' title='bbox 690 3008 711 3037; x_wconf 90' lang='lat'>,</span> <span class='ocrx_word' id='word_1_230' title='bbox 734 2973 1103 3048; x_wconf 90' lang='lat' dir='ltr'>peccaturus</span> <span class='ocrx_word' id='word_1_231' title='bbox 1124 2953 1191 3022; x_wconf 92' lang='lat' dir='ltr'>in</span> <span class='ocrx_word' id='word_1_232' title='bbox 1215 2957 1475 3026; x_wconf 84' lang='lat' dir='ltr'>Manes.</span> <span class='ocrx_word' id='word_1_233' title='bbox 1525 2952 1652 3026; x_wconf 89' lang='lat' dir='ltr'>Sed</span> <span class='ocrx_word' id='word_1_234' title='bbox 1670 2975 1791 3022; x_wconf 91' lang='lat' dir='ltr'>nec</span> <span class='ocrx_word' id='word_1_235' title='bbox 1813 2950 1924 3023; x_wconf 87' lang='lat' dir='ltr'>ille</span> <span class='ocrx_word' id='word_1_236' title='bbox 1941 2950 2275 3024; x_wconf 79' lang='lat' dir='ltr'>excanduit</span> <span class='ocrx_word' id='word_1_237' title='bbox 2292 2999 2317 3029; x_wconf 83' lang='lat'>‚</span> <span class='ocrx_word' id='word_1_238' title='bbox 2352 2959 2414 3022; x_wconf 80' lang='grc' dir='ltr'>δι</span> <span class='ocrx_word' id='word_1_239' title='bbox 2440 2947 2491 3021; x_wconf 79' lang='lat' dir='ltr'>si</span> 
     </span>
     <span class='ocr_line' id='line_1_29' title="bbox 452 3050 2497 3151; baseline -0.001 -25"><span class='ocrx_word' id='word_1_240' title='bbox 452 3053 657 3126; x_wconf 80' lang='lat' dir='ltr'>adhuc</span> <span class='ocrx_word' id='word_1_241' title='bbox 678 3050 1044 3151; x_wconf 85' lang='lat' dir='ltr'>dignaretur</span> <span class='ocrx_word' id='word_1_242' title='bbox 1061 3055 1524 3124; x_wconf 87' lang='lat' dir='ltr'>mortalitatem</span> <span class='ocrx_word' id='word_1_243' title='bbox 1543 3051 1823 3124; x_wconf 88' lang='lat' dir='ltr'>nostram</span> <span class='ocrx_word' id='word_1_244' title='bbox 1841 3096 1864 3132; x_wconf 85' lang='lat'>‚</span> <span class='ocrx_word' id='word_1_245' title='bbox 1899 3051 2101 3123; x_wconf 87' lang='lat' dir='ltr'>nullus</span> <span class='ocrx_word' id='word_1_246' title='bbox 2124 3051 2356 3123; x_wconf 85' lang='lat' dir='ltr'>certior</span> <span class='ocrx_word' id='word_1_247' title='bbox 2375 3069 2497 3131; x_wconf 72' lang='lat' dir='ltr'>aut</span> 
     </span>
     <span class='ocr_line' id='line_1_30' title="bbox 451 3149 2084 3233; baseline -0.006 -6"><span class='ocrx_word' id='word_1_248' title='bbox 451 3153 656 3227; x_wconf 78' lang='lat' dir='ltr'>venia:</span> <span class='ocrx_word' id='word_1_249' title='bbox 675 3152 891 3223; x_wconf 64' lang='grc' dir='ltr'>3υᾶοτ</span> <span class='ocrx_word' id='word_1_250' title='bbox 910 3149 1086 3233; x_wconf 87' lang='lat' dir='ltr'>esset,</span> <span class='ocrx_word' id='word_1_251' title='bbox 1119 3162 1224 3222; x_wconf 88' lang='lat' dir='ltr'>aut</span> <span class='ocrx_word' id='word_1_252' title='bbox 1242 3153 1633 3226; x_wconf 74' lang='lat' dir='ltr'>innocentia:</span> <span class='ocrx_word' id='word_1_253' title='bbox 1650 3175 1809 3224; x_wconf 79' lang='lat' dir='ltr'>meae</span> <span class='ocrx_word' id='word_1_254' title='bbox 1830 3149 2084 3233; x_wconf 72' lang='lat' dir='ltr'>vindex.</span> 
     </span>
    </p>

    <p class='ocr_par' dir='ltr' id='par_1_5' title="bbox 449 3247 2504 3550">
     <span class='ocr_line' id='line_1_31' title="bbox 552 3247 2501 3345; baseline -0.001 -21"><span class='ocrx_word' id='word_1_255' title='bbox 552 3257 574 3288; x_wconf 86' lang='lat'><em>¹</em></span> <span class='ocrx_word' id='word_1_256' title='bbox 597 3251 814 3324; x_wconf 86' lang='lat' dir='ltr'>Stabat</span> <span class='ocrx_word' id='word_1_257' title='bbox 834 3251 913 3324; x_wconf 88' lang='lat' dir='ltr'>ad</span> <span class='ocrx_word' id='word_1_258' title='bbox 928 3250 1201 3322; x_wconf 86' lang='lat' dir='ltr'>tribunal</span> <span class='ocrx_word' id='word_1_259' title='bbox 1232 3247 1567 3327; x_wconf 80' lang='lat' dir='ltr'>Africanus</span> <span class='ocrx_word' id='word_1_260' title='bbox 1585 3301 1607 3335; x_wconf 92' lang='lat'>,</span> <span class='ocrx_word' id='word_1_261' title='bbox 1632 3260 1699 3326; x_wconf 90' lang='lat'>&amp;</span> <span class='ocrx_word' id='word_1_262' title='bbox 1721 3254 1851 3345; x_wconf 87' lang='lat' dir='ltr'>jam</span> <span class='ocrx_word' id='word_1_263' title='bbox 1867 3250 2231 3322; x_wconf 85' lang='lat' dir='ltr'>intonuerat</span> <span class='ocrx_word' id='word_1_264' title='bbox 2252 3249 2501 3323; x_wconf 82' lang='lat' dir='ltr'>acerbi-</span> 
     </span>
     <span class='ocr_line' id='line_1_32' title="bbox 449 3348 2504 3450; baseline 0.001 -31"><span class='ocrx_word' id='word_1_265' title='bbox 449 3369 544 3419; x_wconf 90' lang='lat' dir='ltr'>tas</span> <span class='ocrx_word' id='word_1_266' title='bbox 565 3350 630 3418; x_wconf 92' lang='lat' dir='ltr'>in</span> <span class='ocrx_word' id='word_1_267' title='bbox 650 3348 781 3446; x_wconf 84' lang='lat' dir='ltr'>ipsa</span> <span class='ocrx_word' id='word_1_268' title='bbox 804 3351 1172 3424; x_wconf 89' lang='lat' dir='ltr'>innocentia</span> <span class='ocrx_word' id='word_1_269' title='bbox 1191 3353 1612 3450; x_wconf 85' lang='lat' dir='ltr'>quaerentium</span> <span class='ocrx_word' id='word_1_270' title='bbox 1634 3355 1826 3424; x_wconf 84' lang='lat' dir='ltr'>crime</span> <span class='ocrx_word' id='word_1_271' title='bbox 1838 3375 2052 3434; x_wconf 80' lang='lat' dir='ltr'>n,cum</span> <span class='ocrx_word' id='word_1_272' title='bbox 2076 3348 2504 3435; x_wconf 71' lang='lat' dir='ltr'>Antiochum,</span> 
     </span>
     <span class='ocr_line' id='line_1_33' title="bbox 449 3444 2498 3550; baseline 0 -32"><span class='ocrx_word' id='word_1_273' title='bbox 449 3444 696 3544; x_wconf 84' lang='lat' dir='ltr'>filiique</span> <span class='ocrx_word' id='word_1_274' title='bbox 716 3447 1038 3523; x_wconf 88' lang='lat' dir='ltr'>vinculum</span> <span class='ocrx_word' id='word_1_275' title='bbox 1068 3452 1461 3523; x_wconf 88' lang='lat' dir='ltr'>&amp;indicium</span> <span class='ocrx_word' id='word_1_276' title='bbox 1483 3453 1855 3550; x_wconf 85' lang='lat' dir='ltr'>corruptelae</span> <span class='ocrx_word' id='word_1_277' title='bbox 1878 3475 2011 3522; x_wconf 88' lang='lat' dir='ltr'>non</span> <span class='ocrx_word' id='word_1_278' title='bbox 2029 3473 2373 3548; x_wconf 79' lang='lat' dir='ltr'>expavens,</span> <span class='ocrx_word' id='word_1_279' title='bbox 2394 3450 2498 3546; x_wconf 71' lang='grc' dir='ltr'>ἰρ-Δ</span> 
     </span>
    </p>
   </div>
   <div class='ocr_carea' id='block_1_5' title="bbox 449 3542 2491 3651">
    <p class='ocr_par' dir='ltr' id='par_1_6' title="bbox 449 3542 2491 3651">
     <span class='ocr_line' id='line_1_34' title="bbox 449 3542 2491 3651; baseline 0.001 -35"><span class='ocrx_word' id='word_1_280' title='bbox 449 3542 578 3617; x_wconf 89' lang='lat' dir='ltr'>sam</span> <span class='ocrx_word' id='word_1_281' title='bbox 600 3571 855 3646; x_wconf 87' lang='lat' dir='ltr'>quoque</span> <span class='ocrx_word' id='word_1_282' title='bbox 874 3547 1309 3623; x_wconf 75' lang='lat' dir='ltr'>defensionem</span> <span class='ocrx_word' id='word_1_283' title='bbox 1326 3549 1593 3623; x_wconf 88' lang='lat' dir='ltr'>erubuit.</span> <span class='ocrx_word' id='word_1_284' title='bbox 1616 3552 1911 3624; x_wconf 72' lang='lat' dir='ltr'>iudicum</span> <span class='ocrx_word' id='word_1_285' title='bbox 1937 3574 2193 3651; x_wconf 88' lang='lat' dir='ltr'>quoque</span> <span class='ocrx_word' id='word_1_286' title='bbox 2213 3544 2491 3649; x_wconf 84' lang='lat' dir='ltr'>plausus,</span> 
     </span>
    </p>
   </div>
   <div class='ocr_carea' id='block_1_6' title="bbox 450 3674 2488 3938">
    <p class='ocr_par' dir='ltr' id='par_1_7' title="bbox 450 3674 2488 3938">
     <span class='ocr_line' id='line_1_35' title="bbox 2294 3674 2488 3720; baseline -0.005 0"><span class='ocrx_word' id='word_1_287' title='bbox 2294 3674 2488 3720; x_wconf 65' lang='lat' dir='ltr'>fevo-⁸</span> 
     </span>
     <span class='ocr_line' id='line_1_36' title="bbox 450 3743 2484 3883; baseline 0.003 -92"><span class='ocrx_word' id='word_1_288' title='bbox 450 3743 734 3883; x_wconf 50' lang='grc' dir='ltr'>Ρὶοιωίῗέα</span> <span class='ocrx_word' id='word_1_289' title='bbox 766 3747 826 3796; x_wconf 75' lang='lat' dir='ltr'>ad</span> <span class='ocrx_word' id='word_1_290' title='bbox 853 3749 1041 3801; x_wconf 64' lang='lat' dir='ltr'>tribunal</span> <span class='ocrx_word' id='word_1_291' title='bbox 1065 3748 1312 3847; x_wconf 57' lang='lat' dir='ltr'>‚Afiicam</span> <span class='ocrx_word' id='word_1_292' title='bbox 1324 3784 1352 3813; x_wconf 81' lang='lat'><em>,</em></span> <span class='ocrx_word' id='word_1_293' title='bbox 1375 3750 1503 3818; x_wconf 58' lang='lat'>&amp;01</span> <span class='ocrx_word' id='word_1_294' title='bbox 1544 3749 1659 3817; x_wconf 68' lang='lat' dir='ltr'>Vide</span> <span class='ocrx_word' id='word_1_295' title='bbox 1688 3753 1809 3823; x_wconf 76' lang='lat' dir='ltr'>apud</span> <span class='ocrx_word' id='word_1_296' title='bbox 1838 3753 2027 3808; x_wconf 69' lang='lat' dir='ltr'>Livium</span> <span class='ocrx_word' id='word_1_297' title='bbox 2047 3748 2484 3808; x_wconf 73' lang='lat' dir='ltr'>ffistoxiamdesci-</span> 
     </span>
     <span class='ocr_line' id='line_1_37' title="bbox 2080 3879 2473 3938; baseline -0.01 -1"><span class='ocrx_word' id='word_1_298' title='bbox 2080 3879 2085 3884; x_wconf 69' lang='grc'><strong>’</strong></span> <span class='ocrx_word' id='word_1_299' title='bbox 2272 3901 2294 3938; x_wconf 77' lang='lat'>1</span> <span class='ocrx_word' id='word_1_300' title='bbox 2326 3886 2473 3934; x_wconf 63' lang='lat' dir='ltr'>Inda-</span> 
     </span>
    </p>
   </div>
  </div>
 </body>
</html>
