2738 4475
465 240 615 338 '232
976 226 1486 312 Eundem.
1535 238 2014 313 San-fluct

474 375 718 438 menta,
787 379 877 429 ατ
911 354 1038 430 illis
1071 356 1861 456 bominibusptaestautur,
1880 364 1949 434 ,δι
1969 356 2330 432 commodis
2349 356 2531 433 tem-'-

472 455 733 560 poribus
774 457 958 529 anste
975 458 1053 529 ad
1070 455 1350 530 hostium
1367 458 1719 555 perniciem
1739 457 2012 530 usurum.
2525 514 2529 519 .

580 555 1006 628 Charridotus
1041 577 1258 629 autem
1294 554 1552 628 barbam
1587 558 2037 657 aliquantulum
2068 552 2356 628 defricuit
2376 607 2420 644 ,,
2439 562 2515 629 δε

480 657 559 730 ad
584 658 662 727 Li
670 654 980 752 phippum
1004 653 1343 730 conversus
1360 701 1394 736 2
1407 658 1764 754 Nunquam
1785 704 1807 738 ‚
1832 657 2042 753 inquit
2064 702 2087 735 ‚
2108 657 2515 730 leoleontem

353 781 375 800 ’
471 775 650 829 tuam
669 751 1066 850 recuperabis
1086 799 1120 836 „
1149 753 1264 826 nist
1281 758 1633 827 removeris
1652 780 1842 829 arma.
1884 753 2064 842 Quid
2082 757 2397 827 ωηᾶετίε
2415 753 2530 827 ἵει-ι

474 874 687 932 rentes
724 851 938 924 sedare
969 854 1143 924 inani
1175 878 1415 950 pompa
1448 852 1889 950 promissorum
1910 911 1930 937 ,
1974 851 2176 924 veluti
2209 853 2517 927 flentibus

479 954 685 1052 pueris
723 974 1169 1048 extorquemus
1207 952 1524 1022 silentium
1564 956 1814 1024 illorum
1830 956 2028 1024 oculis
2049 954 2124 1022 ad
2148 954 2392 1024 tabulas
2416 976 2514 1026 aut

479 1054 671 1124 aulaea
691 1048 993 1122 sublatis?
1030 1052 1197 1122 Mihi
1219 1052 1443 1136 crede,
1488 1076 1616 1120 tam
1638 1054 1828 1152 rigidi
1848 1056 1914 1124 in
1936 1050 2162 1124 ferrum
2190 1100 2210 1132 ‚
2252 1080 2404 1124 auro
2426 1052 2514 1124 fa-

479 1152 601 1222 cile
623 1154 955 1222 vincentur
975 1198 995 1230 ‚
1035 1160 1099 1224 δι
1129 1152 1169 1220 s1
1193 1152 1473 1248 quinque
1494 1154 1690 1220 millia
1712 1156 2022 1224 talentum
2044 1210 2058 1232 ‚
2082 1180 2220 1250 quae
2244 1178 2518 1250 quotan-

477 1254 577 1322 nis
600 1252 807 1320 inutili
831 1250 1117 1348 prodigis
1137 1250 1349 1336 bellu,
1383 1254 1449 1320 in
1471 1274 1720 1320 aureum
1746 1254 2078 1322 mutaveris
2100 1252 2396 1332 imbrem,
2418 1250 2512 1322 fa-

473 1350 599 1420 cile
637 1376 833 1418 :eneas
875 1374 1073 1420 turres
1123 1358 1187 1420 &
1233 1350 1457 1420 Acrisii
1502 1348 1760 1420 claustra
1784 1376 1984 1422 novus
2008 1354 2248 1446 Jupiter
2266 1352 2514 1446 supera-

479 1448 575 1518 bis
605 1478 619 1522 ε
661 1470 727 1518 tu
749 1448 945 1518 modo
963 1452 1357 1546 potentiores
1379 1446 1784 1520 fa&ios0rum
1805 1452 1920 1522 illo
1940 1452 2166 1520 nimbo
2186 1452 2372 1520 obrue
2394 1498 2416 1530 ‚
2436 1460 2510 1520 δι’

477 1548 593 1642 ipsi
623 1570 757 1618 tam
795 1550 991 1642 gratis
1021 1550 1247 1622 iffibus
1267 1550 1622 1634 verberati,
1666 1552 2006 1648 pertinacis
2030 1552 2512 1648 populianimos

473 1648 595 1718 tibi
619 1646 977 1718 certiffimis
999 1648 1259 1722 cassibus
1281 1650 1632 1722 includent.
1688 1654 1892 1724 Certe
1912 1654 2018 1720 ille
2043 1654 2314 1722 Nearius
2336 1698 2356 1730 ,
2398 1652 2512 1720 ille

479 1746 603 1818 flos
629 1748 857 1818 ducum
881 1758 945 1820 &
973 1774 1103 1820 tam
1123 1752 1301 1848 longi
1323 1752 1568 1818 animus
1584 1750 1733 1816 belli
1754 1806 1774 1832 ,
1812 1752 2004 1820 veluti
2024 1748 2328 1820 subdu6to
2352 1752 2502 1848 igue

483 1848 833 1946 languebit.
875 1850 1231 1918 Marcescet
1255 1850 1459 1916 martii
1484 1848 1816 1940 imperium
1838 1850 1954 1914 viri
1972 1850 2136 1914 inter
2156 1844 2400 1918 feroces
2424 1848 2517 1918 su-

529 1950 673 2018 erba
693 1972 843 2042 pace
861 1950 1031 2016 cives
1057 1976 1074 2018 ε
1099 1958 1189 2028 &,
1211 1946 1249 2012 fi
1277 1944 1425 2036 quid
1443 1948 1694 2036 antiqua
1716 1946 2050 2010 auotoritas
2078 1944 2512 2022 valebit‚hanc

479 1974 809 2116 beneficiis
827 2046 889 2112 in
907 2046 1087 2110 illum
1107 2098 1125 2122 ,
1149 2052 1213 2112 δι
1235 2042 1486 2106 occulta
1504 2036 1922 2130 suspicionum
1942 2038 2340 2132 malignitate
2364 2064 2512 2106 cor-

441 2174 445 2178 ⁷
475 2162 861 2234 rumpemus,
881 2142 963 2206 Et
983 2140 1091 2206 ille
1109 2136 1401 2231 spoliatus
1420 2136 1724 2214 exercitu,
1750 2134 2044 2230 nudoque
2066 2136 2260 2202 latere
2284 2180 2304 2212 ‚
2326 2136 2501 2232 quod

471 2238 537 2306 in
557 2236 739 2304 bellis
761 2238 1057 2324 juventus
1081 2232 1415 2330 magnifica
1437 2232 1706 2330 stipabat
1725 2280 1744 2310 ,
1790 2234 1984 2302 malet
2010 2232 2200 2302 credo
2222 2232 2500 2330 piscato-

340 2333 351 2348 '
435 2334 439 2336 ’
475 2336 597 2405 rios
631 2330 817 2403 fastus
857 2334 1025 2429 pati,
1073 2360 1259 2431 quam
1281 2336 1389 2403 vel
1413 2352 1626 2403 tecum
1652 2334 1750 2403 vel
1770 2358 1914 2403 cum
1954 2332 2504 2431 Labetrovigere‚

469 2433 1063 2533 provinciisaliquot
1085 2429 1542 2529 preseRusmisi
1566 2435 1836 2531 gloriam
1862 2435 2358 2517 contemnir,aut
2378 2461 2512 2505 non

471 2533 565 2607 est
589 2531 1219 2633 magnificum‚instar
1236 2529 1610 2605 Thess'alicae
1630 2533 1820 2603 hastae
1842 2533 2118 2603 vestrum
2138 2535 2506 2627 imperium,

525 2637 649 2705 uod
669 2637 861 2705 toties
881 2633 1179 2729 quassavit
1195 2679 1215 2711 ,
1237 2627 1512 2729 gloriosa
1536 2635 1888 2703 mutatione
1910 2631 2182 2703 firmare.
2234 2635 2504 2704 Interim

503 2735 769 2803 oederati
799 2733 969 2803 bona
991 2735 1161 2829 pacis
1183 2731 1526 2803 adorabunt
1548 2789 1568 2815 ,
1612 2757 1790 2829 paene
1814 2729 2024 2801 seculo
2040 2735 2294 2831 ignota:
2334 2742 2394 2805 δεῖ
2424 2732 2504 2801 ¹ad

467 2855 701 2928 novam
723 2835 1007 2927 quietem
1029 2829 1217 2927 sopiti
1239 2829 1700 2903 connivebunt.
1758 2835 1935 2903 Nam
1960 2855 2024 2901 ut
2048 2831 2262 2901 calidis
2284 2834 2512 2899 vulne-

473 2929 641 2999 ribus
677 2927 883 2999 sensus
917 2927 1089 2999 abest
1107 2975 1127 3007 ‚
1171 2937 1234 2999 δι
1257 2929 1540 2999 nondum
1568 2931 1826 3027 perae-'to
1850 2955 1960 3023 per
1980 2931 2254 2997 animum
2278 2930 2514 2999 dolore:

473 3049 763 3099 recentes
783 3031 1169 3101 calamitates
1189 3027 1656 3127 obstupescunt:
1688 3033 1776 3099 ita
1806 3029 1898 3097 illi
1924 3025 2166 3097 fluente
2184 3027 2512 3099 bellorum

471 3131 719 3227 impetu
741 3155 869 3199 non
889 3127 1383 3223 sent-ium,quam
1407 3129 1480 3197 s1t
1502 3125 1790 3199 miserum
1814 3123 2060 3223 semper
2080 3151 2221 3195 cum
2244 3127 2514 3198 armatis

471 3231 689 3299 vivere
709 3277 729 3309 ,
769 3237 835 3301 &
869 3225 1143 3327 frigente
1185 3253 1295 3323 per
1313 3230 1518 3297 otium
1538 3227 1758 3295 dolore
1778 3227 2006 3295 lentius
2028 3225 2100 3293 ad
2126 3225 2386 3321 pristina
2408 3231 2520 3297 in·-

471 3329 819 3397 commoda
839 3327 1217 3401 iracundiam
1237 3327 1666 3395 concitabunt.
1726 3327 1994 3395 Externi
2014 3327 2276 3397 interim
2298 3353 2516 3421 reges,

471 3449 743 3521 quorum
765 3427 991 3523 opibus
1013 3429 1295 3497 nituntur
1311 3427 1542 3495 inviffl
1564 3469 1584 3503 ‚
1626 3423 1814 3494 etiam
1836 3423 1912 3491 ad
1932 3425 2232 3495 auxilium
2258 3429 2510 3495 tardio-

469 3549 565 3593 res
606 3523 727 3595 hoc
751 3527 993 3595 solicita
1015 3547 1229 3595 mente
1247 3526 1582 3593 revolvent
1604 3569 1626 3599 ,
1670 3525 1996 3613 juventute
2016 3525 2326 3595 exhauriri
2348 3553 2504 3617 pro-

461 3624 723 3719 vincias,
751 3633 815 3695 δε
837 3627 1113 3697 aerarium
1134 3625 1267 3721 plus
1289 3647 1477 3719 quarn
1504 3619 1721 3727 fugato
1746 3623 2022 3693 Metello
2048 3621 2314 3719 spoliari.
2342 3629 2502 3695 For·

457 3719 611 3793 sitan
647 3723 787 3823 post
809 3745 927 3795 :tot
961 3725 1214 3825 imperii
1253 3721 1482 3793 damna
1502 3769 1524 3804 ‚
1568 3723 1920 3795 loederatos
1938 3723 2164 3793 iterum
2184 3721 2494 3821 insperata

427 3835 432 3838 ’
1480 3838 1483 3844 ⁴
2316 3839 2476 3919 pace
