2738 4475
903 183 1636 258 Prnsn.
2152 204 2382 283 2¹7-

245 311 415 387 raffet
449 309 630 385 banc
662 306 765 379 illi
798 304 1150 381 amicitiam
1185 301 1432 376 causam
1466 301 1763 374 omnium
1777 301 2104 376 bonorum
2124 297 2296 390 fore3

291 439 380 486 uae
417 412 626 484 etiam
642 411 782 503 ejus
799 404 1063 480 salutem
1078 403 1413 479 evertebat
1430 450 1457 487 ,
1491 398 1611 472 nisi
1633 399 1976 477 obstitiffet
1997 401 2301 476 minimus

240 438 507 586 {atrum
529 562 557 596 ,
593 507 763 580 solus
781 509 1073 581 omnium
1094 503 1332 604 dignus
1353 499 1611 600 fastigio
1623 498 1742 575 suae
1762 504 2022 578 domus.

355 610 742 684 Admiratus
758 634 886 708 ego
906 627 1158 678 tantum
1196 599 1374 674 nefas
1393 649 1417 684 ‚
1455 601 1633 693 cujus
1647 600 1712 673 id
1733 604 2059 701 piaculum
2077 599 2310 688 fumet,

250 709 675 807 interrogavi.
697 713 715 748 ¹
741 709 955 800 Major
972 754 995 790 ‚
1015 706 1225 804 inquit
1244 760 1265 788 ,
1288 703 1457 773 illius
1479 696 1735 775 familia
1750 704 1934 797 Jovis
1950 698 2320 777 sacerdotio

260 805 604 910 praefectus
621 806 740 879 fuit
756 856 780 889 ,
817 809 894 878 iis
916 800 1393 877 conditionibus
1416 847 1441 882 ‚
1463 820 1531 870 ut
1548 799 1629 871 de
1644 803 1929 902 regionis
1948 828 2132 880 more
2148 803 2319 878 liba-⁷

257 912 474 980 tiones
516 908 594 979 ab
627 908 834 978 atisin
858 927 1185 1002 paternam
1204 898 1664 975 descenderent
1682 900 1970 977 domum.
2024 903 2151 978 Sed
2166 928 2317 976 cum

256 1009 370 1082 ille
404 1029 694 1080 mentem
736 1009 803 1077 in
839 1005 1163 1077 Graeciam
1183 1000 1479 1080 misisset,
1522 996 1656 1096 ipse
1670 1020 1809 1074 tam
1829 999 2053 1091 misere
2070 1002 2321 1076 aberra·

255 1108 382 1192 vit,
398 1128 467 1178 ut
488 1108 694 1178 necin
718 1105 1051 1204 regionem
1069 1104 1456 1201 perveniret,
1477 1101 1543 1168 in
1566 1124 1756 1197 quam
1778 1094 2317 1200 proficiscebatur,

261 1231 480 1306 neque
502 1207 677 1279 viam
701 1205 937 1277 reditus
959 1205 1022 1275 in
1043 1201 1331 1298 corporis
1351 1198 1748 1271 domicilium
1765 1223 2040 1277 teneret.
2128 1254 2133 1257 -
2310 1222 2317 1249 ³

367 1309 584 1405 Igitur
604 1303 685 1377 ad
709 1329 877 1376 aram
901 1299 1091 1375 frater
1109 1320 1400 1382 vocatus,
1417 1299 1532 1368 illo
1548 1300 1767 1401 utique
1783 1302 1994 1395 junior
2060 1302 2124 1374 ui
2140 1326 2323 1375 men.

260 1426 410 1478 tem
453 1404 820 1502 quaerebat,
855 1405 922 1472 in
957 1400 1225 1471 insulam
1248 1443 1268 1474 ,
1305 1406 1373 1471 δι
1396 1397 1566 1496 quod
1583 1402 2016 1499 antiquisacer
2059 1422 2203 1474 otes
2226 1399 2325 1473 sa-

262 1503 539 1575 ciebant
560 1557 581 1582 ,
609 1503 807 1571 etiam
825 1502 891 1570 in
910 1498 1281 1568 vaticinium
1303 1496 1601 1568 succedit.
1637 1502 1902 1573 Etenim
1921 1500 2130 1574 statim
2146 1499 2327 1574 affari

276 1601 503 1697 coepit
534 1596 825 1695 syderum
860 1597 1090 1680 orbes,
1133 1619 1251 1666 nec
1280 1615 1414 1666 tam
1451 1598 1519 1668 in
1555 1598 1805 1669 oracula
1820 1594 2073 1671 erudito
2089 1600 2328 1672 hiantis

274 1698 407 1773 soli
447 1697 758 1796 spiraculo
775 1744 796 1778 ‚
886 1722 1032 1767 uam
1072 1694 1401 1765 numinum
1439 1693 1770 1795 praesentia
1803 1699 1921 1768 uti--
1944 1728 1949 1731 ·
1971 1702 2208 1797 Neque
2222 1698 2334 1772 din

273 1799 648 1872 mortalitas
669 1724 1138 1868 hunciavorem
1157 1795 1311 1865 coeli
1329 1794 1679 1867 incolumis
1697 1796 1871 1882 tulit,
1892 1806 1961 1873 ’ξι
1987 1798 2127 1891 jam
2139 1798 2338 1871 animi

274 1897 598 1968 valetudo
635 1898 827 1966 tantis
869 1900 1163 1967 Deorum
1199 1893 1560 1965 muneribus
1596 1890 1857 1995 fatigata
1896 1912 2118 1997 parum
2164 1894 2340 1996 supra

271 1994 540 2070 fratrem
559 2018 873 2077 erat,cum
896 2012 1106 2066 mater
1121 2014 1222 2063 tot
1245 1988 1526 2063 filiorum
1549 1995 1718 2065 vivis
1739 1992 2057 2068 firneribus
2075 2020 2243 2095 pene
2258 1994 2341 2068 ad

278 2098 512 2167 mortis
548 2094 873 2167 tristitiam
910 2089 1284 2189 compulsa,
1319 2088 1384 2162 se
1417 2096 1482 2164 in
1516 2096 1754 2166 collum
1796 2096 2153 2195 Geragathi
2174 2112 2339 2169 con*

281 2195 484 2290 jecit‚
525 2203 591 2269 δε
632 2192 1038 2267 manantibus
1076 2189 1418 2289 lachrymis
1455 2214 1784 2295 utramque
1819 2192 2051 2269 faciem
2086 2199 2331 2299 rigans,

293 2296 625 2391 Qamdiu
646 2351 666 2379 ,
697 2297 906 2392 inquit
925 2343 948 2378 ,
968 2313 1037 2363 te
1054 2293 1368 2391 privatum
1390 2296 1731 2394 conjugem
1750 2296 1938 2368 habui
1958 2347 1981 2384 ,
2003 2298 2198 2396 genui
2214 2297 2339 2368 tibi

288 2394 531 2466 liberos
573 2419 832 2491 capaces
866 2390 1139 2464 fortunae
1177 2389 1405 2463 nostrae
1425 2450 1445 2478 ,
1491 2403 1555 2464 δι
1579 2419 1738 2492 quos
1761 2393 2107 2496 agnoscere
2130 2397 2343 2486 majo÷

295 2517 401 2564 res
440 2491 643 2563 nostri
678 2487 947 2588 pollent.
1001 2492 1127 2564 Sed
1166 2485 1579 2589 posteaquam
1615 2490 1956 2564 seueritatis
1988 2513 2118 2564 tuae
2135 2493 2342 2562 otium

299 2591 676 2686 importuna
691 2590 967 2689 dignitas
985 2585 1208 2685 fefellit
1229 2639 1252 2676 ,
1289 2591 1420 2661 visa
1442 2590 1535 2662 est
1561 2585 1834 2663 felicitas
1856 2589 2189 2689 dedignari
2210 2589 2348 2661 stira

302 2712 464 2786 pem
486 2709 680 2770 tuam,
698 2713 838 2787 quae
858 2713 989 2760 non
1006 2710 1137 2761 erat
1150 2689 1315 2760 inter
1332 2686 1529 2762 fasces
1551 2715 1888 2791 concepta,
1918 2695 1943 2729 ³
1957 2697 2024 2763 δι
2044 2691 2350 2789 exemplo

306 2786 566 2860 Medeae
604 2784 1183 2864 exhaurireAEsonis
1205 2810 1491 2861 veterem
1512 2790 1916 2893 sanguinem,
1952 2812 2018 2866 ut
2036 2787 2341 2863 sanffiori

295 2883 489 2962 succo
504 2912 695 2960 venas
718 2909 854 2960 tuas
874 2892 936 2958 δι
955 2887 1221 2961 domum
1242 2893 1539 2989 repleret.

1721 3043 1729 3052 .
2198 2987 2351 3060 Nifi

373 3102 400 3140 ἲ
439 3087 900 3158 Majorimufmiliae
915 3088 1304 3156 Jooissaecerdoeio
1357 3087 1432 3158 spe
1447 3124 1462 3147 ,
1479 3088 1684 3144 infelices
1698 3088 1884 3145 fatum
1903 3120 1920 3146 ι
1949 3088 2000 3138 ὃ(
2017 3084 2204 3140 misem
2224 3085 2349 3138 ἦα·

301 3159 515 3225 prffeHns
525 3161 622 3220 fnit
634 3159 693 3207 iis
705 3156 1301 3208 conditionibusurlibasiones
1358 3177 1404 3210 te
1418 3157 1517 3210 suaa
1532 3159 1753 3210 familias.
2342 3203 2345 3210 .

308 3225 500 3282 abaris,
529 3227 655 3291 eye]
681 3231 788 3275 Hoc
814 3222 911 3281 est,
941 3227 1095 3286 maior
1107 3239 1219 3275 natu
1231 3225 1301 3276 fa-
1427 3243 1453 3278 2
1482 3234 1538 3277 Et
1564 3230 1748 3296 exemplo
1780 3221 1950 3274 Medea
1977 3224 2203 3275 exbaem’re
2228 3238 2351 3276 oete·

299 3294 446 3343 milia
473 3291 728 3344 sacerdotio
751 3293 966 3346 initiatus
994 3292 1302 3362 estealegeut
1358 3314 1449 3348 rm
1489 3296 1684 3360 -AEfim‘e
1714 3294 2016 3361 sanguim]
2076 3298 2253 3346 Notum
2282 3292 2348 3345 est

299 3363 683 3413 emolumentum
740 3376 792 3411 ac
833 3357 996 3413 census
1041 3378 1221 3418 annuus
1251 3364 1299 3413 in
1354 3366 1833 3413 commentum-Cum
1846 3362 1974 3416 enim
1992 3361 2156 3412 Medea
2170 3378 2351 3430 patrem

295 3427 539 3480 familiam
565 3426 688 3480 suam
714 3430 926 3480 tranfiret
961 3451 976 3489 ς
1013 3428 1088 3481 sed
1112 3447 1220 3480 enm
1249 3432 1300 3480 in
1360 3436 1517 3482 Eram
1543 3428 1725 3499 fugiens
1752 3443 1859 3479 cum
1874 3426 2042 3493 Iasone
2059 3436 2352 3500 Argonauta-

304 3500 536 3554 Grtciam
563 3499 785 3567 cogitaret
814 3534 830 3558 ,
861 3499 922 3549 fic
951 3496 979 3549 a
1008 3501 1082 3550 via
1097 3499 1299 3558 deflexit,
1358 3515 1463 3549 rum
1506 3498 1622 3549 duce
1663 3494 1935 3566 pervenilset
1965 3500 2015 3549 in
2052 3497 2351 3563 waliam,

296 3579 352 3617 ut
395 3583 460 3617 ne
496 3567 688 3634 quidem
732 3568 793 3618 ad
824 3565 870 3618 se
897 3569 1049 3618 redire
1074 3567 1295 3635 potuerit.
1355 3564 1689 3644 invenissetque
1731 3562 1954 3620 AEsouem
1996 3567 2189 3619 fratrem
2219 3566 2352 3636 Jaso-

289 3637 453 3687 Frater
465 3638 628 3688 minor
641 3634 1228 3689 fratreamenrealienato
1240 3634 1299 3684 ad
1336 3637 1431 3686 nis
1473 3633 1602 3685 senio
1630 3648 1818 3702 gravem
1844 3634 2058 3687 exhausto
2084 3635 2358 3689 veterestn-

288 3704 520 3757 mithram
560 3706 789 3774 pervenit.
845 3710 1001 3754 nocet
1032 3717 1190 3754 autem
1215 3717 1296 3755 eor
1352 3704 1492 3771 guine
1518 3704 1754 3772 liquorem
1782 3702 1832 3753 in
1857 3720 1999 3756 venae
2043 3706 2144 3766 eina
2160 3702 2364 3765 infudit,

284 3776 367 3841 qui
393 3776 548 3826 aureis
562 3774 786 3844 gradibus
803 3776 855 3824 in
873 3770 1186 3827 sacerdotium
1201 3768 1296 3822 suc-
1353 3787 1409 3824 ex
1428 3771 1671 3825 medicatis
1684 3769 1842 3825 herbis
1862 3770 2137 3841 upa-effum-

276 3844 477 3905 munt,
530 3845 581 3901 δε
607 3846 663 3900 in
692 3858 799 3899 atas
828 3840 1136 3894 intruduntur
1153 3853 1310 3908 opum*
1834 3847 1880 3897 0
1913 3859 1936 3908 5
2252 3848 2274 3882 ι
2316 3841 2371 3888 ει
