2738 4475
853 259 913 328 1²
1015 274 1066 324 Δ
1168 274 1221 324 R
1317 275 1350 321 s
1480 250 1709 322 lv..
2095 264 2253 340 ¹5²9

216 369 492 477 frangere
516 374 809 448 animum
826 377 1153 450 lenocinio
1172 374 1549 448 tamlubrici
1569 395 1786 446 motus
1804 420 1826 456 ‚
1858 380 1925 448 δι
1949 365 2274 473 voluptae'

214 500 298 550 tes
317 476 630 549 imitantis
655 502 676 547 ε
732 477 838 574 qui
878 480 1047 547 inter
1067 477 1205 549 haec
1226 473 1461 547 affidue
1480 476 1841 546 monendus
1859 472 1956 548 est
1973 528 1996 564 ,
2040 473 2103 545 se
2129 500 2241 545 ve·

211 578 491 656 nationi,
521 600 653 647 non
674 577 896 674 praedae
917 576 1315 671 incumbere.
1354 573 1598 645 Caeteri
1618 597 1826 647 autem
1853 576 1961 674 qui
1983 575 2061 646 ad
2080 575 2245 646 bane

210 678 570 757 deliciarum
588 672 862 771 speciem
883 700 1015 747 non
1041 674 1267 746 eadem
1288 671 1543 745 fortuna
1558 675 1930 758 invitantur,
1954 672 2084 762 (seu
2105 699 2245 744 cor-

211 801 382 875 pore,
405 771 512 844 seu
544 774 845 860 moribus,
866 796 968 846 aut
990 779 1244 873 generis
1266 773 1438 846 sorte
1454 817 1478 852 ,
1518 773 1595 844 ad
1613 797 1755 846 eam
1774 774 2241 854 incommodis)

210 877 320 947 illo
339 897 551 946 errore
575 869 637 944 se
656 877 796 971 capi
818 900 951 946 non
971 876 1215 958 sinunt,
1267 872 1378 973 qui
1416 870 1581 972 saepe
1616 873 1883 944 incautis
1922 872 2243 972 persuasit.

211 998 341 1046 non
361 970 531 1070 pofl'c
547 968 743 1045 fortes
763 971 889 1046 else
909 1027 931 1057 ,
975 995 1078 1044 aut
1103 977 1171 1046 in
1193 977 1347 1047 aulae
1365 971 1714 1042 cultoribus
1735 975 2045 1045 numerari
2065 1019 2086 1053 ‚
2131 970 2248 1044 nisi

212 1075 317 1172 qui
335 1074 652 1144 emineant
675 1098 793 1172 per
815 1073 1090 1146 audaciae
1119 1076 1347 1147 titulos
1365 1114 1390 1149 2
1429 1074 1531 1143 vel
1569 1094 1837 1144 omnem
1883 1071 2113 1145 ociosae
2132 1098 2253 1143 vo-

213 1174 461 1271 luptatis
484 1171 816 1245 luxuriem.
879 1173 1128 1260 Sciunt,
1152 1177 1314 1245 alios
1338 1168 1770 1243 &securiores
1793 1172 1995 1244 aditus
2015 1173 2150 1243 illic
2170 1169 2251 1242 ad

207 1296 357 1369 opes
377 1269 780 1371 honoresque
798 1295 910 1372 per
928 1272 1325 1375 ingeniosam
1351 1274 1654 1343 virtutem
1676 1271 1919 1369 aperiri.
1982 1273 2253 1369 Quippe

217 1368 480 1444 consciis
502 1370 870 1445 hominibus
898 1371 1016 1446 suae
1039 1372 1251 1453 sortis,
1274 1394 1344 1439 ac
1367 1370 1630 1455 indolis,
1648 1372 1833 1469 eique
1853 1370 2082 1471 absque
2102 1369 2250 1442 fuco

213 1493 311 1543 aut
331 1468 618 1569 superbia
639 1468 1134 1566 obsequentibus
1159 1528 1181 1556 ‚
1220 1472 1431 1542 multo
1454 1472 1791 1543 certiorem
1816 1474 1980 1568 apud
2000 1471 2253 1545 Princi-

216 1595 328 1669 pes
352 1568 780 1641 reverentiam
800 1566 947 1645 effe.
975 1592 1164 1668 quam
1182 1567 1516 1640 ambitiose
1535 1567 1985 1669 effingentibus
2006 1595 2253 1653 mores,

215 1693 382 1767 quos
414 1662 530 1736 suo
566 1663 779 1737 censui
815 1669 1155 1767 corporive
1176 1665 1428 1739 fortuna
1448 1671 1797 1768 negaverit.
1848 1676 2039 1743 Hanc
2060 1672 2256 1771 igitur

220 1764 740 1838 moderationem
756 1766 852 1835 illi
875 1766 1214 1862 prudentes
1234 1789 1482 1850 tenent,
1504 1788 1572 1836 ut
1597 1815 1620 1851 ‚
1637 1769 1744 1866 qui
1764 1769 1843 1840 ad
1871 1769 2019 1841 istas
2040 1774 2258 1842 illece-

213 1865 378 1947 bras,
410 1864 584 1935 velut
602 1863 679 1960 ad
696 1865 973 1964 aliquam
995 1888 1193 1939 artem
1222 1916 1246 1951 ,
1276 1868 1486 1939 coaeti
1508 1862 1671 1951 sunt,
1701 1866 1799 1938 bis
1818 1889 2095 1947 utantur,
2119 1890 2257 1939 non

207 1961 531 2035 fruantur:
588 1987 748 2060 quos
796 1989 949 2036 vero
985 1961 1239 2038 fortuna
1280 1986 1417 2038 tam
1454 1963 1776 2037 luxurioso
1809 1965 2079 2066 sumptui
2117 1989 2254 2037 non

191 2062 543 2135 damnavit
560 2105 584 2140 ,
639 2059 753 2132 has
791 2061 836 2132 {i
876 2067 1089 2161 placet
1128 2064 1205 2136 ad
1228 2062 1501 2136 sobriam
1524 2066 1923 2162 voluptatem
1949 2064 2260 2144 delibem,

213 2159 318 2234 sed
333 2162 532 2234 ,veluti
548 2161 617 2230 in
633 2162 923 2258 requiem
950 2187 1232 2235 curarum
1302 2165 1616 2235 raviotum
1639 2211 1664 2247 ‚
1682 2163 2009 2264 magisque
2028 2184 2095 2235 ut
2114 2162 2265 2261 spe·

217 2264 434 2341 (stent,
471 2285 664 2360 quam
682 2281 750 2330 ut
772 2259 890 2360 ipli
914 2264 1225 2361 impleant
1272 2286 1494 2335 cenam
1516 2291 1534 2335 ε
1593 2261 1693 2332 his
1726 2263 2004 2362 denique
2071 2264 2252 2335 uibus

213 2363 344 2455 jam
365 2357 528 2432 fae'ta
544 2384 644 2433 res
660 2406 683 2442 ,
743 2358 871 2432 live
908 2357 1010 2432 sua
1057 2361 1391 2434 sedulitate
1413 2418 1433 2447 ‚
1478 2360 1604 2433 sive
1640 2364 1952 2455 majorum
1971 2413 1998 2450 ,
2023 2291 2120 2435 sas
2158 2361 2257 2433 est

215 2457 566 2531 consefltari
592 2482 771 2556 pares
789 2460 928 2530 illas
947 2459 1058 2531 suo
1075 2456 1333 2561 fastigio
1354 2461 1749 2556 voluptates.
1832 2502 1837 2505 ·

320 2561 564 2656 Neque
604 2558 836 2629 mirum
873 2556 921 2629 si
955 2558 1023 2630 hi
1055 2561 1136 2634 ad
1175 2585 1407 2661 magna
1429 2557 1550 2629 sint
1576 2558 1838 2656 inepti,
1879 2582 2040 2656 quos
2082 2560 2261 2629 velut

214 2658 440 2755 aliquo
474 2655 755 2726 carmine
794 2660 1399 2759 attonuerit‘ignava
1432 2665 1495 2730 δι
1523 2653 1585 2727 se
1603 2681 1789 2728 unam
1808 2658 2257 2753 contemplans

215 2755 499 2828 luxuries
530 2781 552 2838 3
577 2775 720 2824 cum
742 2778 873 2824 non
896 2757 1003 2826 alii
1023 2760 1223 2857 magis
1244 2759 1418 2839 vitae‚
1440 2782 1632 2855 quam
1649 2780 1785 2855 quae
1805 2755 1873 2826 in
1894 2757 2125 2857 Regiis
2145 2755 2266 2827 du-

215 2856 385 2928 citur
404 2899 428 2934 ,
467 2852 803 2924 necessaria
821 2853 944 2926 effe
965 2852 1158 2927 soleat
1173 2904 1197 2938 ,
1219 2858 1376 2956 vigil
1399 2855 1736 2954 quaedam,
1752 2857 2039 2953 nihilque
2061 2859 2263 2929 omit-

199 2976 364 3028 tens
385 2949 708 3024 sedulitas·
778 2958 961 3028 Nam
998 2976 1067 3024 ut
1101 2957 1347 3053 plantas
1386 2951 1760 3052 arboresque
1776 2957 2002 3052 exigua
2020 2953 2264 3027 semina

214 3054 601 3152 concipiunt
628 3099 654 3135 ‚
696 3059 765 3127 &
811 3053 1079 3125 modico
1106 3052 1258 3126 saltu
1276 3056 1572 3154 ingentes
1595 3052 1821 3122 fluvios
1840 3055 2269 3125 emet-immin

215 3152 502 3226 fontibus
525 3182 550 3241 3
598 3153 687 3223 ita
726 3148 891 3251 saepe
911 3152 990 3224 ad
1011 3149 1338 3225 felicitatis
1363 3157 1836 3225 incrementum
1853 3154 1921 3221 in
1942 3154 2129 3222 Aulis
2143 3148 2269 3221 suf-

216 3250 451 3323 ficiunt
473 3275 661 3344 parva
682 3244 888 3330 initia{
914 3260 981 3325 δι
999 3279 1141 3351 quae
1161 3254 1385 3323 oculos
1406 3247 1708 3323 facillime
1733 3252 1969 3321 lateant
1988 3249 2143 3324 ludo
2161 3271 2270 3321 aut

221 3348 387 3420 ocio
421 3348 730 3426 intentos.
811 3354 1156 3424 Metellam
1192 3353 1317 3443 jam
1337 3349 1710 3447 imperantis
1734 3351 1920 3446 Syllae
1939 3352 2273 3421 matrimo-

228 3448 353 3520 nio
370 3446 704 3537 conjunxit
727 3492 750 3528 ‚
768 3449 941 3545 quod
963 3450 1280 3522 theatrum
1301 3447 1714 3547 pertransiens
1735 3493 1756 3527 ‚
1803 3454 1862 3516 δε
1890 3447 1968 3519 ad
1989 3445 2266 3521 sedentis

218 3546 571 3620 humerum
593 3545 817 3617 leviter
834 3571 1023 3618 manu
1045 3549 1188 3620 nixa
1205 3596 1227 3631 ,
1252 3548 1564 3619 addiderit
1586 3600 1605 3628 ,
1650 3546 1814 3615 velle
1837 3541 1898 3618 se
1915 3572 2060 3618 curn
2081 3570 2271 3619 tanto

227 3646 383 3718 viro
398 3645 466 3715 in
488 3637 812 3716 felicitatis
836 3668 1079 3741 partem
1100 3648 1336 3720 venire.
1390 3645 1619 3735 Adhuc
1656 3646 1886 3737 jacenti
1913 3649 2121 3719 Mario
2140 3649 2274 3745 pri-

220 3768 378 3829 mos
395 3744 651 3835 animos
674 3742 917 3821 addidit
942 3738 1197 3820 fortuita
1216 3746 1538 3844 Scipionis
1552 3743 1769 3816 oratio
1786 3801 1806 3831 ,
1844 3746 2025 3823 illum
2057 3746 2133 3819 ad
2152 3746 2280 3837 rni-

1277 3848 1338 3922 1.
1357 3844 1381 3918 1
2074 3841 2272 3927 litatis
