2738 4475
103 283 128 331 ,ἴ
887 227 942 295 Ρ
1047 248 1097 297 a
1183 230 1253 297 ἰ
1355 229 1388 298 's
1510 227 1606 298 V.
1645 252 1661 304 ›
2090 223 2181 321 65
2196 246 2239 321 5

104 402 145 422 -.
291 342 462 422 Prope
478 340 747 400 scribebat
762 340 1060 398 Clodovaeo
1088 342 1406 419 Gephyrius
1431 355 1496 401 ut
1525 346 1585 401 in
1614 340 2125 401 Eleutherianorum
2158 363 2247 400 re-

103 421 120 501 'J
205 423 442 483 bellium
461 439 686 499 poenam
705 437 923 478 vocaret
944 419 1275 478 Melandrios
1289 462 1306 487 ,
1340 426 1396 480 &
1414 424 1761 500 Liphippum
1781 435 2073 498 arrogaret.
2135 423 2244 480 Sed

106 512 111 516 ’
209 502 306 561 ille
323 503 451 578 ‚qui
477 500 653 577 quieti
670 496 773 556 suae
791 502 845 557 δε
862 499 1053 576 gloriae
1069 500 1246 556 studet
1264 538 1280 561 ,
1309 498 1582 557 recusabat
1612 500 1886 557 auxilium
1914 498 2155 563 infame,
2187 507 2246 561 ὃς

104 568 107 599 ³
208 579 574 658 arrogationis
612 578 1038 634 maleimitantis
1056 591 1306 635 naturam
1327 577 1618 636 confilium
1640 578 1955 637 damnabat.
2011 579 2249 655 Jamque

215 657 325 717 suis
342 658 641 714 comitatus
659 693 674 716 .
701 656 978 733 intrepido
1009 658 1166 713 vultu
1184 657 1457 733 palantem
1481 657 1691 716 hostem
1713 655 2068 734 sequebatur:
2111 674 2250 715 mox

207 737 421 796 calcata
434 735 612 811 capita
628 734 972 811 supervolans
989 738 1045 794 &
1077 738 1439 794 consternatas
1464 750 1651 814 gentes
1668 776 1684 801 ,
1712 734 1943 794 docebat
1973 739 2251 792 annorum

210 812 438 874 cursum
459 829 569 870 non
586 814 987 889 expestandum
1004 816 1062 871 in
1080 815 1425 872 festinatione
1440 817 1674 873 virtutis.
1727 816 1895 893 Juxta
1913 813 2074 872 tellus
2090 814 2253 870 insta-

213 894 358 954 bilis,
376 892 750 969 supernatante
765 891 960 971 pingui
977 892 1100 950 luto
1117 893 1291 950 fluEtu
1311 932 1340 957 ,,
1372 895 1593 972 vestigia
1609 895 1973 952 morientium
1991 891 2247 950 fallebat:

215 991 338 1050 pars
374 971 610 1029 hostium
643 974 789 1028 inter
821 971 1030 1029 ferrum
1061 974 1115 1029 δε
1134 973 1306 1029 undas
1323 972 1521 1029 obruta
1539 1012 1555 1037 ,
1582 991 1702 1047 pars
1718 986 1991 1049 receptam
2008 982 2254 1029 mortem

216 1051 468 1108 trahebat
485 1050 543 1105 in
561 1051 772 1107 vicinos
789 1049 941 1107 lucos
955 1087 971 1112 ,
1007 1068 1126 1125 pars
1153 1049 1433 1108 deferebat
1451 1053 1508 1107 in
1528 1053 1766 1108 flumina
1782 1050 2110 1108 semivivum
2132 1067 2257 1105 cor-

213 1143 318 1207 pus
334 1155 352 1199 3
394 1129 453 1185 hi
469 1126 660 1185 dolore
679 1128 974 1186 vulnerum
993 1128 1194 1187 furoris
1207 1128 1287 1187 sui
1306 1130 1584 1187 admoniti
1604 1130 1661 1185 in
1678 1129 2029 1207 detestatione
2043 1126 2253 1185 sceleris

215 1206 519 1266 fundebant
547 1209 788 1270 animas3
813 1206 986 1285 aliqui
1017 1206 1384 1286 sequebantur
1411 1207 1714 1285 fugitivos,
1743 1210 1797 1266 δε
1829 1209 2031 1285 integri
2060 1204 2257 1264 eadem

213 1288 374 1343 ruina
396 1285 798 1363 mergebantur
818 1287 1122 1361 paludibus
1176 1287 1406 1363 Reliqui
1421 1306 1619 1345 omnes
1639 1286 1897 1345 morituri
1914 1286 2012 1344 nifi
2026 1303 2254 1343 reorum

215 1367 484 1421 timorem
505 1364 794 1440 decepisset
811 1365 1109 1423 clementia
1123 1383 1179 1422 re
1223 1366 1299 1421 is:
1334 1365 1520 1441 quide
1539 1366 1789 1444 gravium
1812 1383 2098 1423 armorum
2118 1382 2262 1439 pon·

213 1443 343 1500 dere
360 1442 898 1515 blandosexpediens
916 1482 932 1507 ,
961 1442 1190 1500 fidereos
1229 1444 1488 1501 uminum
1508 1444 1662 1522 ignes
1676 1443 1742 1502 ad
1757 1442 2100 1512 serenitatem
2116 1461 2255 1500 con-

219 1519 398 1577 torsit.
458 1523 581 1576 Hoc
612 1518 826 1594 aspestu
854 1519 1121 1597 supplices
1151 1519 1452 1581 conservati
1472 1521 1647 1580 aliena
1657 1523 1901 1604 pernicie
1915 1520 2118 1581 sensere
2134 1539 2261 1597 quae

223 1597 468 1655 fulmina
494 1596 774 1655 Clodovaei
801 1598 1044 1674 juvenile
1060 1598 1344 1658 brachium
1363 1601 1423 1657 in
1440 1600 1698 1658 inimicos
1712 1600 1833 1659 suos
1848 1609 2147 1679 torqueret.
2192 1598 2260 1655 Ιὸ

223 1694 377 1733 nunc
391 1677 630 1733 cruentae
645 1688 850 1733 mortes
866 1716 883 1743 ,
923 1680 978 1736 δι
1001 1678 1278 1757 quidquid
1306 1678 1372 1737 ad
1404 1676 1645 1737 miserias
1676 1680 1880 1738 nostras
1900 1678 2264 1737 contumacia

224 1752 439 1812 rebellis
452 1754 667 1811 invenit
694 1781 712 1825 3
736 1754 876 1813 redit
889 1773 1016 1813 ecce
1033 1758 1340 1814 Mercurius
1359 1797 1376 1822 ,
1418 1764 1474 1818 &
1505 1758 1742 1815 caduceo
1776 1759 1873 1816 suo
1888 1772 2085 1836 potens
2100 1757 2262 1813 iratas

225 1844 444 1890 mentes
461 1832 528 1889 ad
545 1831 830 1891 blanditias
849 1833 1063 1893 reducit
1077 1874 1093 1899 ,
1127 1854 1262 1913 quas
1279 1835 1647 1895 intermiserat
1660 1838 1928 1915 temporis
1946 1835 2130 1893 moesti
2160 1834 2261 1890 de-

222 1911 717 1987 formejustitium.
767 1911 981 1969 Vocem
1015 1915 1300 1991 gaudentis
1334 1915 1613 1991 opprimit
1641 1916 1893 1973 miraculi
1913 1912 2263 1991 magnitudo.

221 1989 378 2067 quod
409 2002 495 2047 tot
523 2007 772 2050 cruentas
798 1991 1217 2069 incruentasque
1235 1991 1438 2068 palmas
1451 1992 1737 2050 Clodovaei
1753 1993 1923 2050 fronti
1941 1990 2264 2049 venerandae

219 2067 506 2145 congeffit.
549 2070 926 2145 Sequebantur
941 2070 1298 2147 triumphum
1318 2070 1475 2128 furor
1491 2071 1710 2129 vinstus
1724 2109 1743 2133 ‚
1774 2085 1997 2148 cruenta
2024 2069 2267 2126 crudeli-'

219 2159 300 2205 tas
327 2148 477 2204 inani
505 2149 695 2225 rugitu
715 2147 974 2207 frendens
993 2187 1009 2212 ,
1039 2148 1291 2225 superbia
1320 2149 1617 2211 debellata,
1657 2151 1969 2225 arrogantia
1994 2159 2261 2212 catenata,

221 2245 480 2303 nexuque
511 2224 689 2285 ferreo
704 2227 994 2285 constrifih
1010 2226 1261 2286 rebellio.
1328 2228 1434 2286 Sed
1453 2229 1706 2287 nondum
1721 2227 1983 2287 saevitiem
2003 2245 2271 2294 omnem,

222 2311 281 2365 δε
298 2303 589 2362 horrendas
605 2307 778 2363 minas
791 2307 1071 2384 captixstitas
1084 2308 1314 2364 vicerat:
1347 2306 1593 2367 clausum
1610 2307 1922 2385 pestoribus
1936 2307 2262 2365 incendium

224 2381 497 2440 revelabat
512 2382 680 2439 rubor
691 2385 872 2441 vultus
896 2425 913 2450 ‚
940 2384 1198 2442 &feroci
1231 2387 1248 2441 i
1296 2388 1547 2444 nominia
1579 2386 1766 2444 furens
1797 2386 1990 2443 oculus
2007 2384 2152 2441 male
2166 2384 2264 2440 ἆσέ

226 2461 418 2525 missus
433 2461 494 2516 in
511 2475 732 2514 terram.
773 2462 829 2514 Ο
845 2460 1111 2514 sententia
1127 2462 1266 2516 mira
1307 2462 1393 2518 ilis
1408 2500 1425 2521 ,
1439 2464 1605 2520 Nihil
1622 2463 1910 2541 gloriosius
1924 2465 1999 2518 est
2013 2463 2264 2537 principe

223 2539 462 2614 impune
475 2539 536 2591 1³:
546 2539 614 2591 so!
664 2539 804 2611 (ΨΒ
822 2539 961 2593 [ωηο
983 2537 1245 2597 describet
1261 2538 1481 2596 claffem
1497 2553 1622 2596 toto
1637 2541 1776 2597 mari
1792 2538 2259 2616 supernatantcm?

226 2635 354 2692 quis
386 2630 475 2672 tot
506 2619 754 2670 triremes
778 2635 869 2688 per
891 2617 1061 2670 varios
1083 2615 1309 2690 :equoris
1321 2617 1525 2673 trastus
1542 2619 1706 2674 remis
1724 2619 2006 2695 ventisque
2027 2616 2263 2673 volitari·-

231 2695 350 2748 tes?
366 2695 488 2770 quis
522 2696 726 2748 Oceani
760 2712 778 2748 t·
790 2694 1215 2768 tanquillitatem
1241 2705 1391 2752 tanto
1407 2696 1626 2752 vedtore
1642 2696 1925 2774 stupefadti
1944 2699 1964 2752 ?
1996 2695 2119 2773 quis
2131 2712 2266 2753 con-

234 2785 523 2829 tumacem·
540 2774 838 2827 irredivivo
856 2772 1043 2828 furore
1057 2776 1332 2829 civitatem
1353 2813 1372 2838 ,
1400 2791 1567 2850 quam
1591 2793 1703 2832 non
1720 2775 1938 2852 magis&
1952 2775 2146 2832 nostris
2161 2786 2271 2844 ter·¹

231 2850 309 2908 ris
337 2851 518 2906 amnis
538 2855 591 2910 ὃς
611 2867 763 2906 mare
778 2889 794 2914 ,
831 2867 1001 2927 quam
1019 2851 1366 2927 ingeniorum
1386 2852 1577 2911 diversi
1596 2855 1963 2932 contrariique
1980 2865 2170 2911 motus
2184 2852 2271 2910 di-

228 2928 435 2988 vidunt
452 2930 472 2982 ?
489 2929 611 3005 quis
628 2938 881 3004 ptaeterea
900 2931 1164 2985 terrorem
1186 2927 1292 2986 sese
1308 2929 1546 2988 hostium
1567 2933 1848 2991 moenibus
1863 2933 2266 2995 includentem.

229 3006 500 3085 fugasque
518 3047 534 3072 ,
554 3011 606 3068 δι
625 3008 1016 3082 trepidationes
1030 3047 1045 3071 ,
1063 3013 1116 3067 δε
1137 3007 1391 3066 vincula?
1423 3012 1649 3069 Omitto
1667 3013 1907 3088 regentis
1923 3010 2267 3068 celeritatem

229 3101 554 3160 occupatam
575 3085 741 3142 etiam
767 3085 1031 3154 vietoria5
1065 3087 1333 3142 nimirum
1366 3101 1545 3146 truces
1571 3090 1786 3150 animos
1822 3089 2108 3166 praefientia
2122 3088 2269 3164 regis

232 3164 484 3222 debilitat
499 3204 517 3228 2
544 3166 758 3222 &inter
773 3164 894 3222 suos
912 3164 1047 3222 illud
1065 3165 1178 3243 agit
1195 3165 1345 3242 quod
1363 3168 1420 3222 in
1438 3169 1624 3242 primo
1641 3181 1937 3225 momento
1955 3166 2151 3224 mundi
2170 3184 2267 3223 na·

236 3241 433 3298 scentis
446 3247 623 3300 Amor
641 3282 656 3304 ,
673 3244 804 3319 qui,
839 3244 907 3300 de
921 3241 1159 3301 tenebris
1173 3245 1459 3302 excutiens
1474 3244 1576 3302 sese
1594 3286 1610 3311 ,
1656 3247 1781 3304 miti
1812 3246 2026 3303 lumine
2057 3243 2276 3302 tumul-

235 3320 451 3378 tuantia
461 3321 865 3379 elementorum
879 3321 1056 3379 officia
1075 3323 1304 3397 pacavit.
1365 3325 1619 3380 Hostium
1638 3324 1798 3382 duces
1828 3342 2025 3402 magna
2041 3321 2271 3382 suorum

236 3396 391 3455 clade
405 3398 588 3474 rejeffi
607 3400 665 3455 in
681 3401 890 3457 moenia
905 3438 920 3462 .
948 3401 1437 3466 autincertiveniae
1455 3441 1470 3465 ,
1503 3401 1777 3460 bellorum
1811 3404 2078 3460 avidiores
2093 3420 2267 3478 quam

234 3475 426 3533 salutis
440 3475 585 3534 sunt.
632 3477 755 3533 Pars
777 3478 836 3534 in
856 3478 1136 3536 montibus
1155 3479 1355 3556 pendet
1375 3477 1729 3538 sollicitatura
1747 3481 2023 3559 procellaS,
2043 3481 2138 3538 nili
2157 3501 2277 3539 ma·

234 3556 509 3612 tur-averit
537 3553 778 3611 Phoebus
809 3558 905 3634 qui
938 3556 1080 3614 mala
1107 3556 1296 3614 nubila
1311 3559 1464 3614 tenui
1482 3560 1633 3617 radio
1651 3559 1786 3618 solet
1801 3576 2075 3620 excutere.
2120 3561 2273 3616 Reli·v

233 3636 337 3711 qui
359 3633 554 3690 melius
573 3633 861 3691 confilium
881 3634 1094 3712 sequuti
1112 3637 1317 3692 rediere
1336 3636 1400 3692 ad
1418 3640 1651 3696 tentoria
1668 3641 1837 3717 Regis
1852 3680 1868 3705 ,
1890 3643 1944 3698 δε
1960 3638 2130 3696 hodie
2148 3638 2273 3694 strcss

234 3732 350 3770 nue
379 3712 602 3790 agentes
625 3711 855 3770 notabili
891 3714 1093 3771 virtute
1123 3712 1848 3794 absconduntignominiam
1869 3723 2275 3793 praeteritorum

226 3790 520 3851 scelerum.
562 3792 780 3848 Gaudet
792 3789 858 3849 ab
873 3791 1127 3870 Olympo
1143 3795 1200 3851 in
1219 3792 1588 3854 Eleutheriam
1608 3794 1757 3862 suam
1777 3798 2065 3876 respiciens
2083 3798 2275 3852 Prota-

2139 3886 2275 3946 gon.

1272 4042 1325 4100 d
