2738 4475
535 272 691 373 330
1038 267 1558 360 Euenonu.
1610 273 2098 348 SATYchr

546 393 736 469 Huic
770 394 989 494 itaque
1009 394 1240 468 morbo
1257 391 1386 468 sese
1404 395 1573 469 male
1590 391 1952 464 tenentium
1971 391 2321 488 linguarum
2344 377 2595 472 mederi

487 535 494 542 -
544 494 812 594 publico
845 485 1134 592 imperio
1160 492 1445 594 praefefii
1478 494 1649 566 baud
1682 492 1879 570 dubio
1910 490 2224 563 debebunt
2244 513 2359 587 per
2373 510 2591 563 terro·

436 672 445 681 ,
547 619 691 668 rem
724 593 1120 667 saevientium
1140 595 1358 694 legum
1380 624 1398 667 ι
1421 597 1487 666 in
1505 596 1631 665 illis
1653 593 1952 694 gentibus
1970 638 1993 672 ,
2028 589 2333 687 inquibus
2350 586 2589 684 despe-

523 695 724 782 &um
758 694 1133 790 Principum
1160 697 1467 768 odiumve
1498 695 1758 795 quidam
1797 692 2157 764 communis
2190 688 2443 788 spiritus
2457 691 2591 768 alte

541 794 682 893 egit
706 819 727 876 ς
749 812 852 863 aut
875 791 1072 865 sicubi
1092 796 1305 865 tardos
1328 795 1738 894 provisosque
1756 792 2075 865 sermones
2097 816 2232 861 non
2249 788 2595 868 nistmatu-

535 918 604 965 ra
644 894 1004 965 animorum
1041 893 1351 966 acerbitas
1365 947 1371 948 ff
1386 897 1753 994 expromit:
1793 898 1882 966 At
1899 915 2051 963 vero
2070 891 2352 964 Gallicis
2365 889 2595 960 animis

513 988 671 1090 ⁴,ipse
707 989 938 1063 halitus
975 990 1464 1091 superstantium
1500 994 1804 1065 astrorum
1825 995 2020 1090 longe
2039 991 2162 1066 alia
2178 991 2434 1060 ratione
2453 1013 2595 1086 pro·

534 1089 701 1165 vidit
717 1147 740 1176 ,
776 1094 889 1191 qui
926 1115 1432 1190 extemporaneo
1463 1095 1715 1191 impetu
1748 1115 1928 1189 paene
1960 1090 2350 1162 iracundiam
2388 1083 2591 1183 prius-

521 1215 735 1289 quam
756 1193 1176 1288 conceperint
1197 1240 1220 1274 ,
1253 1190 1589 1265 effundunt
1607 1239 1628 1269 ‚
1665 1189 2161 1288 industriamque
2176 1188 2434 1281 jocandi
2451 1210 2594 1256 non

532 1289 759 1387 saepius
777 1289 1057 1362 inimicis
1075 1317 1269 1388 quam
1292 1290 1704 1366 familiaribus
1722 1293 2056 1363 adornant.
2111 1288 2207 1361 lbi
2229 1289 2498 1365 virtutes
2521 1294 2595 1360 &

537 1390 719 1474 vitia,
744 1386 787 1460 fi
812 1413 964 1460 vere
983 1391 1339 1483 judicamus
1356 1451 1378 1479 ,
1402 1394 1625 1489 majori
1642 1417 1833 1492 quam
1855 1417 1977 1489 pro
1993 1415 2142 1463 vero
2156 1385 2365 1486 specie
2380 1413 2599 1460 erum-

539 1509 731 1586 punt,
749 1512 889 1588 quae
908 1492 1046 1560 laxa
1061 1491 1342 1565 inaniter
1360 1502 1429 1567 &
1448 1490 1644 1566 effusa
1662 1517 1991 1591 nunquam
2011 1491 2091 1563 ad
2106 1514 2320 1564 verum
2334 1488 2601 1559 bonira-

543 1589 629 1659 tis
668 1610 774 1660 aut
806 1590 1071 1663 malitiae
1089 1593 1389 1665 ordinem
1410 1591 1659 1692 poffunt
1679 1593 1827 1692 cogi
1849 1638 1873 1675 ,
1903 1591 2018 1664 nifi
2040 1617 2186 1665 cum
2205 1585 2602 1662 refelluntur.

533 1686 779 1769 ,Testis
819 1691 1111 1764 alacritas
1145 1693 1214 1764 in
1251 1692 1615 1766 fidentibus.
1634 1693 1867 1763 animis
1891 1690 2240 1788 magnifice
2261 1687 2602 1770 exsultans,

548 1790 816 1888 altoque
848 1791 1070 1888 spiritu
1105 1791 1327 1890 gloriae
1367 1798 1436 1863 &
1471 1789 1940 1862 discriminibus
1979 1789 2056 1859 ad
2076 1784 2308 1861 fastum
2328 1791 2607 1875 intenta3

547 1887 665 1961 ista
683 1914 944 1988 quoque
964 1890 1315 1987 procacitas
1334 1899 1402 1961 δε
1424 1886 1771 1984 asperitatis
1788 1885 2089 1979 Satyricae
2110 1883 2361 1956 morsus
2380 1916 2402 1968 3
2492 1910 2614 1958 uo-

545 2013 695 2072 rum
729 1988 885 2059 illud
916 1984 1306 2059 fortitudinis
1340 1985 1549 2080 specie
1578 1986 1825 2052 ‘tectum
1848 2033 1867 2060 ‚
1912 1982 2039 2049 hoc
2071 2000 2289 2049 autem
2323 2007 2444 2075 per
2474 2007 2614 2053 ona

544 2086 1015 2159 maledicentiae
1030 2079 1269 2150 infame
1287 2107 1417 2149 non
1435 2102 1667 2174 paucos
1685 2076 1810 2147 boc
1827 2073 2043 2146 seculo
2058 2076 2340 2172 decepit.
2371 2081 2613 2177 Quip—

541 2207 629 2277 pe
656 2182 768 2250 illa
795 2175 1081 2276 generosi
1097 2173 1348 2273 spiritus
1372 2178 1541 2248 velut
1557 2170 1837 2273 expressa
1848 2173 2139 2275 effigies,
2175 2174 2331 2248 dum
2360 2203 2478 2275 per
2494 2178 2617 2250 in-

539 2274 864 2348 consultos
903 2297 1188 2347 tumores
1218 2278 1285 2346 in
1323 2279 1580 2350 Gallica
1613 2277 2238 2365 juventuteluxuriat
2254 2323 2280 2357 ‚
2315 2278 2485 2350 nihil
2506 2278 2613 2351 est

535 2374 710 2446 aliud
741 2400 937 2474 quam
972 2375 1324 2447 adulterata
1360 2374 1673 2447 fortitudo
1692 2423 1714 2457 ,
1754 2402 1895 2473 quae
1934 2374 2040 2449 sua
2056 2378 2415 2474 petulantia
2433 2402 2609 2452 verae

538 2475 795 2546 virtutis
831 2474 1061 2546 decora
1080 2478 1383 2570 projecit.
1433 2480 1524 2545 At
1543 2499 1702 2545 vero
1719 2475 1898 2547 idem
1915 2497 2169 2548 torrens
2192 2502 2342 2551 cum
2360 2478 2441 2550 ad
2454 2477 2606 2550 obi-

546 2599 654 2647 ces
689 2574 1000 2672 rumpitur
1014 2574 1323 2646 inhibitus
1343 2625 1368 2662 ,
1390 2576 1795 2646 :emulatione
1812 2576 2087 2649 aliorum
2110 2624 2130 2658 ,
2171 2581 2238 2648 &
2259 2577 2334 2648 ad
2348 2578 2607 2676 experi-

545 2695 846 2752 mentum
866 2696 1257 2773 provocante
1274 2672 1709 2760 fortuna‚tunc
1729 2675 1941 2746 inanis
1961 2672 2258 2749 ferocitas
2275 2676 2356 2749 de
2375 2678 2492 2747 illo
2504 2672 2606 2747 fa-

543 2773 647 2846 stu
684 2772 857 2846 suam
892 2775 1095 2845 aciem
1116 2776 1365 2846 evolvit
1388 2824 1411 2861 ‚
1438 2772 1816 2872 rediensque
1836 2777 1905 2847 in
1926 2777 2228 2851 virtutem
2244 2775 2325 2848 ad
2342 2776 2602 2849 virilem

544 2882 615 2948 &
658 2893 972 2945 maturam
1000 2868 1453 2946 fortitudinem
1491 2870 1553 2945 se
1577 2876 1949 2973 componit.
1992 2880 2147 2949 Hoc
2166 2894 2387 2947 contra
2404 2877 2607 2947 mali-

541 2972 810 3073 gnitatis
847 2971 1296 3044 simulachrum
1315 3023 1339 3058 ,
1383 2973 1518 3046 haec
1541 2999 2016 3073 nonnumquam
2035 2972 2246 3047 insana
2265 2982 2328 3046 &
2355 2995 2605 3070 praeter

541 3072 806 3150 fascium
823 3072 1248 3146 reverentiam
1267 3075 1627 3171 procacitas
1644 3131 1665 3159 ,
1687 3095 1756 3145 ut
1775 3072 2195 3172 turpiffimam
2215 3075 2459 3144 larvam
2479 3072 2604 3147 ha-

542 3178 685 3259 bet,
702 3172 787 3246 fic
808 3176 977 3245 intus
994 3173 1277 3259 innoxia,
1301 3197 1424 3244 nec
1443 3197 1599 3248 vero
1614 3170 1895 3247 facinore
1910 3170 2385 3272 deformis‚ipsa
2398 3171 2603 3247 liber·

543 3296 682 3347 tate
701 3292 1013 3346 contenta
1026 3270 1142 3361 est.
1162 3274 1231 3347 Si
1254 3297 1410 3346 vero
1427 3298 1560 3345 non
1581 3273 1981 3373 parcentibus
1998 3275 2228 3347 ediffis
2246 3294 2600 3361 teneretur,

544 3393 703 3444 tunc
723 3368 977 3446 fortasse
995 3392 1210 3445 totum
1228 3373 1422 3462 virus,
1442 3398 1571 3473 quo
1590 3398 1702 3472 per
1718 3373 1886 3447 hanc
1906 3373 2229 3448 lasciviam
2249 3372 2313 3445 se
2335 3375 2599 3447 Gallica

543 3471 812 3570 ingenia
825 3474 1177 3545 exonerant
1194 3519 1218 3556 ,
1259 3473 1328 3545 in
1345 3476 1722 3545 immanium
1742 3482 1812 3547 &
1830 3475 2149 3549 tetstorum
2181 3476 2458 3546 ulcerum
2491 3494 2596 3546 ta·

543 3566 699 3641 bem
721 3572 947 3644 coiret.
983 3571 1181 3646 Adeo
1195 3569 1359 3669 saepe
1378 3573 1643 3645 virtutes
1664 3580 1732 3646 &
1752 3576 1911 3646 vitia
1929 3600 2062 3647 non
2081 3573 2220 3646 sunt
2240 3569 2599 3673 priusquam

544 3667 936 3747 lacessantur.
958 3672 1168 3770 Igitur
1182 3690 1251 3742 ut
1269 3672 1510 3742 eaedem
1531 3670 1786 3745 arbores
1809 3700 1928 3773 pro
1949 3695 2255 3747 terrarum
2276 3671 2393 3745 situ
2410 3692 2595 3743 natu-

543 3792 680 3844 ram
696 3795 958 3872 quoque
971 3789 1249 3858 mutant,
1270 3794 1391 3844 nec
1412 3768 1736 3847 Persarum
1755 3778 1921 3850 mala
1944 3779 2282 3852 Romanos
2301 3773 2602 3847 extinxe-

2081 3887 2086 3892 ·
2389 3889 2575 3960 runt,

2674 67 2694 232 l

2684 295 2693 336 l
