2738 4475
845 206 903 281 Ρ
1005 230 1053 279 Α
1152 227 1207 281 ι
1278 227 1341 278 Δς
1457 205 1606 282 IV.
2139 221 2278 305 349

243 361 418 414 mum
453 329 498 405 s
530 330 886 406 efflculum
921 329 1244 428 praebebat
1261 328 1394 430 ipsa
1408 329 1555 401 urbs
1575 386 1595 415 ,
1617 330 1789 401 inter
1807 325 2074 401 eximias
2088 329 2292 400 Euro-

242 462 325 537 1²9
346 362 665 507 celebrata
683 479 707 514 ‚
749 432 1116 545 Londinum
1136 479 1157 512 ,
1197 430 1548 502 innumeris
1572 425 1910 510 domibus,
1948 430 2059 544 uix
2080 448 2295 497 tamen

240 527 2298 728 {afissssffisssffiat'ssfflssmffssffssssfflss'fffssfi}{5335}

248 731 530 807 aedificia
568 754 679 829 per
703 753 971 830 quatuor
993 729 1261 802 miliaria
1279 726 1692 826 protendens.
1740 729 1864 798 Per
1880 725 2006 798 hoc
2024 723 2299 825 spatium

251 858 393 906 non
410 832 673 929 privatae
692 852 939 902 tantum
956 826 1212 907 domus,
1237 825 1342 898 sed
1363 833 1431 899 &
1453 821 1597 897 fana
1614 824 1840 897 crebro
1860 823 2115 927 fastigio
2132 822 2300 896 emi-

258 952 448 1011 nent,
474 934 541 1002 δε
579 930 786 1004 media
807 930 1031 1002 civitas
1050 948 1352 1027 tanquam
1372 924 1686 1006 umbone,
1703 925 1791 995 ita
1812 926 2301 1026 praecipui-tem-

257 1032 352 1130 pli
380 1032 553 1099 mole
571 1028 869 1101 distincita
887 1025 998 1099 est.
1573 1087 1578 1096 ψ
1633 1069 1646 1086 ¹-
1867 1043 1872 1058 ⁵

356 1130 533 1200 Cum
575 1128 675 1199 his
712 1155 842 1230 ego
859 1151 980 1199 nec
1001 1122 1249 1226 provisa
1266 1125 1600 1224 voluptate
1618 1121 1961 1196 deduceret
1977 1174 2003 1213 ,
2034 1120 2299 1197 tandem

246 1250 558 1300 revocare
580 1229 864 1301 animum
883 1229 1060 1325 coepi
1082 1275 1105 1311 ‚
1144 1235 1211 1300 δι
1233 1225 1315 1296 fic
1334 1248 1589 1296 mecum
1610 1244 1902 1321 reputare
1924 1254 1942 1299 ε
2014 1224 2120 1297 uid
2138 1221 2302 1296 esset

248 1328 432 1427 quod
468 1330 941 1427 incogitantem
984 1322 1316 1424 rapuifl‘et:
1362 1323 1528 1396 unde
1549 1324 1659 1394 ille
1677 1251 2310 1441 aspetstuatsicplaee-

248 1449 350 1498 ret
369 1453 393 1500 .·
433 1451 577 1524 quae
596 1429 865 1496 occulta
894 1425 988 1493 vis
1011 1482 1030 1507 ‚
1078 1448 1222 1521 quae
1256 1421 1422 1493 ratio
1440 1448 1643 1495 meam
1665 1444 1953 1497 mentem
1970 1419 2308 1523 tetigisset?
2359 1462 2375 1473 α

246 1551 422 1597 num
441 1521 581 1619 ipsa
594 1522 740 1614 urbs
757 1568 782 1603 ,
818 1544 974 1592 num
996 1521 1283 1593 fluminis
1299 1516 1533 1603 cursus,
1550 1521 1880 1594 montesve
1904 1581 1925 1610 ‚
1963 1549 2045 1596 an
2062 1521 2314 1620 eampis

257 1622 593 1720 animago
611 1617 917 1718 sylvarum
936 1624 965 1689 ἓ
1002 1624 1263 1694 Horum
1281 1621 1572 1692 omnium
1592 1619 1753 1691 nibil
1772 1645 1964 1696 unum
1983 1651 2005 1694 ι
2043 1621 2149 1695 sed
2167 1629 2312 1691 tan-³

260 1742 485 1790 tarum
501 1720 769 1790 varietas
791 1742 999 1792 rerum
1016 1765 1041 1802 ,
1077 1728 1146 1794 &
1168 1718 1361 1792 veluti
1379 1722 1644 1793 Naturae
1660 1714 1794 1791 suas
1812 1744 1971 1818 opes
1989 1720 2320 1819 explican-

255 1821 351 1890 tis
396 1817 722 1890 industria.
793 1818 1002 1891 Subiit
1022 1820 1176 1890 inde
1191 1819 1530 1917 cogitatiot
1549 1815 1711 1890 nihil
1726 1816 1846 1892 effe
1861 1822 1929 1891 in
1950 1818 2322 1893 mortalium

252 1917 453 1990 rebus
499 1918 577 1988 ad
610 1916 780 1989 suam
806 1916 1348 2016 pulchritudinem
1375 1915 1458 1988 fic
1474 1919 1770 1992 exaestum
1792 1964 1816 1999 ‚
1859 1918 2036 2017 quod
2059 1915 2322 1990 tandem

251 2042 395 2089 non
414 2011 640 2117 fatiget
657 2015 1354 2114 contemplantem,nifi
1375 2013 1456 2087 ad
1476 2016 1643 2088 hunc
1659 2041 1850 2118 quem
1867 2017 2156 2090 intuebar
2173 2041 2321 2090 mo-

257 2114 418 2186 dum
452 2114 844 2189 adversarum
866 2116 1118 2190 dotium
1137 2112 1464 2188 beneficio
1485 2117 1553 2187 in
1576 2117 1764 2188 aliam
1784 2119 2101 2216 aliamque
2120 2113 2324 2192 vena-³

266 2212 502 2287 statem
524 2237 799 2289 mutetur
821 2265 847 2301 ,
862 2215 865 2218 ’
883 2212 1260 2316 semperque
1273 2210 1528 2287 lassatos
1543 2214 1883 2317 improvisa
1901 2217 2194 2291 novitate
2209 2240 2316 2288 re·-

269 2311 471 2386 ficiat}
492 2319 577 2388 Et
600 2318 905 2415 quoniam
925 2317 1005 2388 ad
1023 2310 1239 2387 omnis
1257 2314 1507 2387 decoris
1533 2313 1854 2416 fastigium
1874 2315 2318 2415 perducendus

272 2414 487 2487 Orbis
527 2439 659 2485 erat
680 2471 703 2499 ,
747 2439 1143 2513 nequaquam
1164 2435 1360 2486 tantae
1380 2416 1536 2486 artis
1549 2415 1753 2486 oblita
1766 2436 1984 2485 natura
2000 2414 2098 2485 est
2115 2436 2137 2485 ἰ
2177 2417 2324 2505 Req-

271 2515 505 2609 giones
526 2515 765 2608 aliquas
782 2513 1100 2584 montibus
1120 2510 1365 2585 sustulit
1382 2559 1405 2594 ,
1443 2514 1597 2583 alias
1636 2515 1703 2583 in
1746 2512 2089 2611 planiciem
2127 2509 2327 2581 deduz

279 2611 410 2681 xit:
427 2607 538 2679 has
557 2611 708 2682 aestu
723 2612 979 2699 torruit,
994 2609 1105 2682 has
1120 2612 1451 2684 damnavit
1472 2611 1552 2684 ad
1574 2611 1848 2685 brumasz
1866 2609 2138 2711 reliquas
2154 2656 2180 2695 ,
2202 2632 2326 2683 nee

282 2706 553 2809 quidem
572 2710 801 2804 aequali
820 2710 1102 2807 ingenio,
1140 2713 1545 2808 temperavit.
1795 2708 1798 2737 ³
2309 2756 2316 2769 -

393 2808 905 2880 Foecunditatem
926 2855 950 2894 ,
986 2831 1090 2881 aut
1111 2807 1464 2910 squalorem
1479 2858 1502 2893 ‚
1525 2837 1659 2883 non
1682 2810 1884 2883 modo
1900 2836 2033 2885 non
2057 2808 2328 2907 ubique-‚⁷

279 2904 391 2978 sed
424 2931 545 2979 nec
589 2908 655 2978 iu
687 2917 1066 3006 perpetuum
1103 2910 1401 3007 imposuit
1424 2939 1446 2985 .-
1478 2912 1639 2984 olim
1676 2909 1893 2985 felices
1913 2909 2334 3010 proventibus

279 3027 493 3086 terr-2,
517 3030 683 3078 nunc
703 3004 1016 3079 sterilibus
1034 3013 1244 3081 arenis
1267 3007 1576 3083 informes
1592 3036 1662 3081 ac
1680 3012 1864 3083 vastae
1888 3012 2033 3081 sunt
2055 3035 2076 3078 r
2100 3015 2168 3081 δε
2187 3027 2332 3103 quae

284 3106 617 3199 quondam
635 3108 833 3178 crudo
849 3112 995 3179 aete
1012 3106 1355 3181 horrebant
1375 3166 1396 3195 ‚
1434 3135 1565 3181 non
1587 3130 1836 3182 tantum
1861 3109 1991 3200 jam
2011 3109 2079 3177 in
2097 3101 2188 3175 fm
2238 3126 2338 3186 er,

285 3201 401 3277 sed
438 3212 506 3279 δι
544 3204 616 3275 in
656 3208 1052 3304 voluptatum
1089 3207 1515 3280 instrumenta
1534 3209 1890 3292 luxuriant„
1928 3206 2117 3277 Adeo
2142 3226 2179 3276 e
2254 3226 2336 3275 ex

279 3304 489 3377 totius
510 3302 713 3395 Orbi*
732 3307 1201 3403 pulchritudine
1218 3352 1244 3387 ‚
1281 3308 1455 3378 illius
1487 3327 1699 3403 partes
1716 3306 1786 3377 in
1811 3305 2203 3402 multiplices
2217 3300 2336 3375 ha-

273 3403 451 3497 bitus
472 3401 688 3476 vultus
760 3431 798 3479 e
820 3404 1103 3480 transire.
1126 3410 1371 3504 Neque
1389 3401 1585 3488 astra,
1612 3405 1766 3473 licet
1787 3405 1979 3475 certis
1996 3401 2333 3489 itineribus

274 3500 537 3602 semper
557 3428 803 3578 curatum
821 3506 1108 3579 tenentia
1126 3554 1152 3590 ,
1186 3506 1318 3577 aeri
1338 3524 1555 3576 motus
1576 3499 1838 3573 eosdem
1860 3509 1928 3573 &
1952 3501 2219 3576 effeetus
2236 3499 2341 3573 so-

274 3603 421 3676 lent
436 3599 775 3676 infundere
795 3632 814 3676 ε
859 3605 1151 3701 Ideoque
1179 3602 1475 3699 quamvis
1496 3598 1724 3674 iisdem
1739 3598 1958 3697 spatiis
1980 3620 2207 3675 omner
2225 3624 2343 3673 am·

268 3704 344 3779 ni
362 3703 433 3777 in
454 3703 685 3782 orbem
705 3722 1046 3777 excurrant
1066 3746 1090 3787 ‚
1125 3702 1337 3791 nullus
1353 3701 1654 3775 tamenin
1670 3721 1883 3776 totum
1905 3722 2007 3775 aut
2030 3727 2177 3778 eum
2200 3698 2348 3783 imi-

2179 3812 2345 3869 tatur
