2738 4475
875 292 1617 367 Paasvl.
2091 296 2246 393 669

203 423 288 469 tes
303 409 526 490 viguisse
539 410 799 469 ha&cnus
815 425 1050 486 regnum
1082 413 1138 468 &
1171 407 1532 465 sacerdotium
1553 446 1569 471 .
1602 403 1841 463 necdum
1871 404 1939 464 de
1962 409 2103 486 Juda
2134 409 2254 488 ste·-

208 507 401 568 ptrum
433 488 711 548 excidisse.
776 486 945 560 Quafi
976 505 1105 543 vero
1136 485 1264 542 alibi
1290 503 1461 560 quam
1496 488 1555 542 in
1584 483 1770 563 Judaea
1798 483 1868 541 de
1885 488 2039 544 causa
2052 490 2244 565 capitis

217 571 390 647 (quod
409 567 652 626 maxime
670 566 888 644 regium
906 567 1004 639 est)
1027 565 1106 622 fas
1121 562 1304 620 fuisset
1316 565 1671 637 pronuntiare
1682 560 2026 622 sententiam.

300 649 574 705 HaEtenus
592 647 869 704 Macrinus
882 683 900 708 ,
918 645 1075 720 cujus
1095 642 1495 700 narratiuncula
1511 660 1624 699 non
1640 640 1862 716 illepida
1878 645 2237 722 circumstan-⁴

213 726 362 784 tium
380 722 567 801 plausu
581 737 809 799 excepta
822 721 914 777 est.

295 809 557 860 Attamen
575 798 998 875 Alethophilus;
1027 797 1288 875 equidem
1307 796 1540 876 defigor.
1555 799 1760 874 inquit,
1773 798 1838 855 ad
1856 799 2065 859 stolidae
2080 801 2240 861 aesu-

284 881 390 940 rbae
401 882 578 959 gentis
594 877 947 954 supercilium
965 918 981 943 ,
999 896 1124 953 quae
1151 877 1315 935 malit
1341 896 1512 935 annos
1543 878 1755 935 trahere
1771 894 2037 952 perpetuo
2052 881 2108 937 in
2125 883 2245 938 exi·

209 902 299 1018 fico
311 997 330 1019 .
366 965 421 1018 δι
450 961 617 1016 vitam
634 960 755 1015 Deo
771 959 827 1014 &
842 953 1411 1014 mortalibusinvisam
1433 995 1449 1020 ,
1468 957 1588 1013 imo
1601 957 1658 1012 in
1671 957 1901 1014 stercore
1912 956 2013 1015 suo
2030 997 2047 1022 ,
2078 974 2142 1016 ut
2166 963 2245 1022 ita

215 1039 838 1117 loquar‚stertere‚quam
855 1035 1077 1111 prodire
1093 1033 1159 1090 ad
1176 1052 1358 1092 veram
1380 1032 1754 1111 luccm‚quam
1773 1033 1803 1092 a
1816 1036 2052 1093 crimine
2068 1039 2247 1114 majo-

214 1137 346 1175 rum
378 1114 679 1192 refipiscere
694 1153 712 1179 ‚
755 1116 794 1170 ὸ
823 1112 1056 1172 infames
1085 1126 1353 1170 amatores
1367 1114 1713 1170 Mammonae
1728 1115 1783 1170 &
1798 1110 2060 1190 superbiae
2075 1152 2092 1175 ,
2123 1118 2252 1195 qui..

212 1195 316 1252 bus
344 1197 467 1253 unis
488 1193 730 1252 serviunt
758 1193 884 1252 caeci
902 1231 923 1257 ‚
966 1191 1104 1248 dum
1152 1206 1481 1250 aeternarum
1511 1207 1688 1268 opum
1715 1193 2001 1267 patiuntur
2031 1192 2254 1272 dispen-

211 1273 371 1332 dium
394 1277 407 1329 2

294 1355 369 1410 At
384 1366 438 1410 at
453 1349 773 1410 mihicrede
787 1390 805 1416 ‚
818 1350 1066 1409 Macrine
1082 1387 1101 1412 ,
1129 1365 1245 1406 non
1262 1345 1360 1404 soli
1379 1345 1552 1424 Judaei
1574 1345 1707 1406 huic
1724 1347 1982 1407 Daemoni
1998 1369 2171 1428 quem
2188 1354 2250 1412 8(

212 1431 443 1489 Plutum
476 1431 621 1488 dixit
645 1430 941 1505 antiquitas
958 1465 975 1492 ,
1010 1426 1187 1484 solent
1215 1426 1374 1483 litare
1404 1430 1460 1486 δι
1489 1425 1671 1483 eidem
1687 1429 1948 1485 omnium
1967 1445 2251 1490 annorum

213 1507 560 1567 curriculum
580 1507 816 1563 mastare
833 1529 852 1572 ;
883 1503 970 1561 sed
987 1506 1041 1562 δι
1057 1502 1155 1579 ipfi
1172 1541 1190 1567 .
1222 1502 1426 1581 quibus
1453 1504 1681 1581 regendi
1705 1505 1906 1583 populi
1937 1525 2070 1565 cura
2082 1509 2251 1567 debet

213 1587 324 1644 effe
343 1625 358 1651 ,
376 1585 508 1641 tales
525 1585 756 1659 pastores
770 1600 896 1640 oves
911 1599 1029 1639 non
1039 1581 1267 1639 tondere
1279 1582 1428 1639 dicas
1442 1621 1459 1647 ,
1476 1580 1565 1638 sed
1581 1581 1876 1662 deglubere
1891 1609 1909 1653 3
1927 1584 2041 1650 etsi,
2060 1584 2099 1641 fi
2153 1586 2252 1647 uid

214 1665 510 1741 tetigerint
527 1701 546 1728 ‚
560 1660 616 1719 id
631 1679 828 1718 aurum
845 1660 955 1718 illis
969 1658 1080 1725 fiat,
1102 1659 1316 1718 Midam
1337 1672 1585 1736 putatote
1599 1679 1732 1719 cum
1760 1661 1980 1721 afininis
2007 1667 2123 1722 auri
2203 1685 2254 1723 s:

215 1745 430 1820 quippe
445 1742 538 1798 cui
556 1758 665 1796 una
696 1754 808 1798 erat
839 1736 1059 1796 scientia
1088 1756 1352 1795 nummos
1385 1738 1521 1796 scire
1534 1774 1550 1799 ,
1584 1745 1640 1800 Bt
1670 1739 2030 1820 distinguere:
2072 1761 2257 1820 nequo

219 1821 377 1880 enim
409 1818 517 1876 alia
546 1819 757 1876 ratione
789 1836 958 1895 quam
978 1817 1224 1874 nummis
1238 1814 1270 1873 ὲ
1288 1815 1442 1896 vulgi
1457 1815 1640 1875 tabula
1654 1815 1812 1876 suum
1830 1838 2041 1878 nomen
2055 1835 2255 1896 putant

213 1901 355 1957 erui.
393 1898 668 1970 Quaerunt
685 1911 746 1954 ut
756 1899 1064 1973 acquirant,
1078 1896 1375 1972 acquirunt
1387 1895 1541 1973 quod
1559 1897 1790 1972 perdant
1806 1935 1823 1958 .
1839 1900 2079 1975 perdunt
2093 1901 2252 1978 quod

217 1977 444 2035 doleant
463 2000 481 2045 ς
519 1988 613 2033 aut
628 1976 780 2032 enim
799 1976 1022 2033 nummi
1040 1972 1165 2031 sunt
1181 1972 1528 2052 relinquendi
1543 1973 1575 2031 a
1591 1974 1748 2031 nobis
1764 2014 1784 2041 ,
1812 1990 1908 2034 aut
1923 1995 2022 2035 nos
2034 1977 2103 2035 ab
2120 1977 2252 2037 illis.

219 2056 327 2113 Sed
336 2056 457 2132 jam
478 2053 615 2111 hora
628 2055 705 2111 est
723 2071 872 2111 novo
884 2065 1218 2131 argumento
1231 2067 1445 2110 coetum
1461 2053 1752 2110 recreandi.

297 2135 380 2191 Ad
397 2133 513 2189 haec
532 2134 809 2197 But-rinus,
813 2134 935 2209 jam
952 2130 1073 2190 fitis
1087 2129 1354 2209 superque
1366 2129 1534 2189 dehis
1591 2131 1800 2196 uidem,
1815 2131 1911 2191 det
1924 2131 2082 2192 suum
2102 2152 2254 2196 nune

217 2210 532 2289 symbolum
557 2210 808 2269 Rosetus.
853 2213 979 2269 Imo
993 2250 1009 2275 ‚
1025 2210 1213 2269 retulit
1224 2248 1246 2272 ‚
1261 2215 1317 2271 &
1331 2209 1527 2269 ordine
1540 2148 1777 2287 sequeris
1790 2249 1806 2274 ,
1821 2213 1876 2269 δε
1888 2211 2252 2291 eloquutione

216 2311 314 2350 me
330 2289 607 2348 antecellis
627 2330 644 2355 ,
660 2309 792 2349 cum
809 2290 1028 2367 pridem
1045 2291 1105 2346 in
1117 2289 1415 2348 academiis
1428 2289 1607 2347 audias
1620 2287 1907 2367 singularis
1920 2293 2252 2355 eruditionis

219 2368 379 2427 laude
390 2365 749 2444 conspicuus:
788 2371 937 2446 Ergo
951 2368 1128 2426 vietus
1158 2368 1469 2426 urbanitate
1495 2366 1765 2427 sermonis
1786 2405 1805 2432 ‚
1835 2370 2128 2447 praemissis
2157 2390 2252 2450 pa.

216 2448 338 2505 triae
349 2446 627 2506 comitatis
637 2446 852 2522 aliquot
864 2445 1038 2502 verbis
1051 2459 1274 2522 repente
1290 2445 1361 2502 fic
1377 2444 1609 2521 prolusit
1626 2464 1643 2500 ·.
2236 2440 2253 2453 ⁴

1119 2572 1333 2666 §.1v.

296 2683 544 2755 Quando
560 2681 628 2739 de
640 2678 983 2739 abditissimis
997 2681 1153 2737 terris
1164 2679 1347 2736 sermo
1373 2679 1450 2736 est
1467 2718 1484 2745 ‚
1517 2678 1587 2735 ab
1614 2677 1867 2737 instituto
1898 2696 1970 2736 ne
1991 2677 2106 2738 lato
2126 2682 2254 2760 qui·

214 2760 349 2820 dem
367 2779 554 2839 ungue
568 2757 781 2818 discedo
799 2799 815 2824 ,
846 2758 939 2816 hic
968 2762 1025 2816 &
1056 2759 1332 2816 domitam
1354 2757 1726 2816 miserandum
1744 2758 1806 2815 in
1820 2757 2056 2816 modum
2074 2762 2256 2819 ambi-

215 2841 434 2897 tionem
452 2839 701 2914 prodam·
747 2834 943 2894 Hercle
955 2855 1014 2894 ar
1054 2850 1348 2894 umentum
1365 2837 1443 2893 est
1457 2853 1676 2914 magnae
1692 2835 1858 2893 molis
1871 2876 1887 2900 ‚
1911 2838 2065 2914 quod
2096 2841 2255 2917 inge-

216 2920 311 2977 nia
328 2917 413 2976 vel
429 2915 793 2975 eruditiffima
807 2856 1105 2991 multipfici
1122 2914 1383 2972 haetenus
1396 2914 1549 2972 torfit
1564 2913 1797 2993 ambage
1816 2914 1848 2979 ‚⁶
1860 2920 1917 2976 δι
1932 2915 2250 2979 multorum

216 2996 505 3055 scientiam
523 2993 711 3053 elufit:
753 2992 881 3051 litus
911 2992 1134 3071 paradisi
1165 2992 1512 3070 voluptatum
1533 3033 1549 3058 ,
1593 2994 1777 3068 prima
1803 2995 2121 3070 primorum
2153 3015 2252 3073 pa·

214 3088 440 3134 rentum
459 3072 604 3131 sedes
630 3111 648 3133 ,
677 3089 846 3149 quam
877 3085 1064 3130 tamen
1081 3109 1096 3131 ‚
1128 3085 1398 3148 quantum
1431 3073 1492 3128 in
1522 3090 1615 3129 me
1645 3072 1750 3128 erit
1769 3110 1785 3135 ,
1818 3070 1972 3129 vobis
1982 3076 2242 3148 aperiam.

218 3156 420 3229 Neque
433 3153 530 3210 ibo
543 3149 756 3210 inficias
769 3169 902 3209 eum
922 3165 1016 3208 aut
1031 3152 1182 3227 aquis
1200 3150 1397 3207 diluvii
1417 3186 1435 3209 ‚
1465 3164 1559 3208 aut
1588 3151 1789 3206 interni
1810 3151 1972 3206 maris
1985 3152 2252 3211 flustibur

217 3230 472 3287 haustum
488 3231 689 3296 effe‚ex
703 3248 818 3305 quo
834 3231 920 3301 (ut
937 3227 1327 3303 Alethophilus
1341 3245 1455 3284 non
1472 3231 1702 3300 temere)
1718 3226 1996 3304 perfraffis
2011 3249 2242 3309 repagu-

219 3308 284 3365 lis
304 3346 321 3371 ‚
344 3312 399 3366 &
416 3327 477 3365 ru
520 3310 589 3365 tis
602 3308 851 3365 obicibus
865 3344 882 3366 ‚
915 3327 1057 3385 quos
1075 3308 1322 3363 Herculis
1336 3305 1624 3362 columnas
1641 3304 1932 3381 appellavit
1947 3347 1963 3372 ,
1995 3308 2248 3370 exclusus

221 3399 379 3443 antea
396 3405 491 3443 mo
513 3405 544 3441 e
559 3388 840 3442 montium
854 3388 1103 3442 Oceanus
1121 3398 1296 3440 totam
1313 3383 1455 3440 hanc
1467 3384 1681 3461 plagam
1701 3383 2010 3449 inundavit,
2025 3389 2079 3444 δι
2094 3384 2248 3445 sum-

221 3479 402 3522 motas
430 3476 593 3520 terras
622 3480 830 3536 magno
859 3463 1068 3538 impetu
1102 3464 1389 3519 inflec2ens
1417 3479 1636 3518 amoena
1664 3461 1782 3517 haec
1798 3459 1916 3519 loca
1929 3465 2079 3521 Eden
2100 3467 2248 3527 dida

222 3542 293 3601 ab
312 3540 570 3605 Hebraeis,
586 3539 850 3597 Adonidis
865 3539 1053 3597 hortos
1066 3540 1097 3599 a
1113 3542 1402 3603 Po'e'tisxmi
1415 3546 1492 3599 viic
1508 3539 1706 3606 ι’ώυῐςςῆ
1720 3539 2065 3608 Chaldaeis‚&
2083 3545 2246 3605 Persis

228 3622 446 3677 Pardeis
466 3659 480 3682 ,
512 3619 580 3674 ab
600 3620 846 3673 Homero
860 3617 1101 3692 Elysium
1120 3657 1136 3684 ,
1166 3620 1321 3694 aquis
1337 3619 1712 3676 suisinvadcns
1727 3616 1989 3693 sepelivit.
2047 3625 2247 3701 Neque

218 3696 414 3755 desunt
431 3700 526 3774 qui
550 3693 907 3769 Hesperidum
926 3697 1116 3753 hortos
1132 3735 1148 3762 .
1179 3696 1286 3755 five
1298 3694 1498 3753 insulas
1512 3695 1811 3752 fortunatas
1826 3697 2131 3758 Paradisum
2150 3724 2250 3759 vo·

124 3784 141 3807 ³
215 3777 443 3851 luptatis
457 3774 561 3831 cfl‘e
580 3774 769 3830 velint:
818 3775 942 3848 quis
956 3774 1131 3838 enim,
1147 3773 1474 3851 ajunt,Vigil
1496 3776 1590 3831 iste
1607 3775 1771 3832 draco
1783 3814 1798 3840 ‚
1822 3795 2122 3851 pomorum
2138 3800 2243 3835 cn-

215 3857 347 3921 stos,
362 3860 416 3918 δι
435 3856 495 3913 in
510 3852 715 3913 insidiis
727 3851 875 3935 quafi
891 3850 1161 3911 subfidens
1175 3891 1194 3920 ,
1223 3853 1324 3911 nist
1340 3851 1517 3912 fatalis
1531 3852 1621 3911 ille
1634 3854 1911 3932 primaevae
1926 3858 2175 3990 parcintgs¹
2188 3860 2245 3913 ὃς

2068 3953 2100 3990 u
2178 3953 2241 3992 o·
