2738 4475
865 254 1066 327 pra
1169 281 1222 333 tt
1321 286 1358 333 s
1458 264 1672 351 1v.‚
2103 290 2260 362 501..

196 371 284 445 Et
303 368 401 443 his
421 369 795 448 hominibus
814 374 979 453 haud
1001 383 1182 480 pauci
1201 409 1443 459 nomen
1463 385 1714 459 virtutis
1731 436 1756 472 ‚
1796 409 1869 459 ac
1898 383 2237 467 industria,
2259 458 2266 472 .

194 471 356 542 nihil
381 476 539 546 ultra
554 478 903 573 exploratis
921 482 1219 581 ingeniis,
1247 486 1610 558 concedunt
1629 517 1650 573 ;
1675 489 1983 587 quoniam
2003 488 2232 588 ingens

195 569 528 656 modestiae
547 576 767 675 imago
785 578 881 649 est
899 627 921 661 ‚
945 606 1313 679 parcemec
1338 588 1523 657 aliter
1540 612 1730 686 quam
1763 610 1843 657 ex
1867 584 2242 687 praescripto

194 672 596 746 verecundia:
611 719 635 757 ‚
661 680 866 776 loqui,
889 682 968 751 ad
989 707 1190 755 omne
1207 686 1349 757 vitii
1365 711 1606 758 nomen
1623 684 2026 785 supercilium
2046 687 2244 759 duce-

193 792 265 839 re
284 814 306 850 ‚
335 773 625 856 nemini,
662 772 1114 878 saltempalam
1140 790 1205 856 δε
1223 782 1502 883 profess'o
1520 784 1678 887 odio
1697 837 1721 872 ,
1774 790 2264 868 contumeliam,

188 890 300 938 aut
317 863 527 944 facete
544 875 646 947 'aut
660 872 918 950 referre.
994 882 1179 971 Qid
1210 886 1487 986 denique
1521 889 1783 984 propius
1820 888 1900 959 ad
1922 890 2244 987 ampliin-

191 970 377 1066 genii
393 967 712 1069 specimen
732 1033 755 1061 ‚
798 1004 989 1079 quam
1027 981 1228 1054 videri
1260 986 1602 1060 recondito
1620 1010 1741 1058 nec
1760 984 2030 1059 cess'ante
2050 1014 2236 1061 com-

198 1070 447 1139 mercio
461 1097 604 1146 cum
626 1073 935 1174 sapientia
950 1082 1128 1181 loqui
1154 1088 1183 1157 ?
1212 1092 1313 1165 lta
1330 1090 1510 1161 enim
1528 1087 1764 1158 dixeris
1784 1083 2019 1173 factos,
2039 1093 2144 1189 qui
2167 1093 2236 1161 in

194 1161 379 1238 istam
413 1196 608 1269 quam
645 1175 1060 1253 describimus
1099 1184 1437 1261 lenitatem
1455 1234 1482 1269 ‚
1534 1194 1602 1260 ὃ(
1636 1183 1913 1259 solitaria
1948 1190 2255 1273 consilia»
2302 1226 2305 1228 ·

184 1267 646 1362 producuntur.
698 1277 827 1351 Sed
860 1280 997 1355 haec
1019 1284 1194 1357 lenta
1208 1285 1543 1385 gravisque
1564 1289 1987 1386 tranquillitas
2004 1291 2238 1391 ingen-

181 1383 283 1434 tes
306 1367 579 1445 latebras
604 1374 797 1449 habet
821 1433 843 1464 ,
894 1383 1123 1478 quibus
1164 1388 1359 1456 etiam
1402 1388 1559 1457 vitia
1593 1389 1871 1486 excipiat
1891 1431 1912 1468 2
1961 1416 2253 1488 quorum.

182 1486 271 1539 ne
291 1472 563 1541 nomina
587 1475 850 1569 quidem
867 1479 992 1575 ipsi.
1003 1481 1256 1576 publice
1278 1484 1533 1557 audiant
1555 1486 1786 1587 absque
1805 1487 2064 1587 pudoris
2084 1488 2234 1563 hot·

180 1561 475 1663 rotisque
490 1568 767 1655 indicio.
826 1590 1108 1662 (tenetes
1124 1582 1299 1653 enim
1318 1580 1563 1657 frontes
1588 1598 1693 1667 a&
1717 1587 1757 1657 s
1747 1594 1840 1659 uis
1860 1590 2088 1663 animis
2107 1588 2214 1663 dis
2209 1627 2231 1644 ·

122 1689 128 1692 ’
183 1659 452 1750 ίὶσιὶὶεε,
468 1663 743 1750 habent)
801 1675 1253 1752 Illud.tacitum
1274 1727 1295 1761 ‚
1322 1685 1615 1785 inttaque
1631 1685 1691 1759 se
1711 1686 2028 1760 detrusum
2052 1691 2236 1789 cogi-

179 1761 511 1835 tationum
530 1790 807 1841 examen
825 1799 857 1857 ‚·
903 1801 1034 1847 non
1069 1779 1278 1875 potest
1313 1787 1640 1856 continuis
1659 1788 1875 1860 studiis
1896 1789 1963 1858 in
1981 1790 2247 1862 virtutis.

176 1880 292 1930 aut
308 1861 636 1937 industriae
656 1866 1038 1949 laboriosam
1054 1880 1410 1979 imaginem
1428 1884 1683 1957 intueri.
1750 1891 1934 1960 Nam
1977 1914 2122 1961 cum
2159 1914 2236 1958 o-

173 1959 433 2033 mnium
473 1960 818 2043 hominum
844 1974 1139 2072 ,impetus
1177 1982 1218 2049 a
1248 1982 1468 2055 labore
1489 1986 1556 2055 in
1573 1987 2038 2078 jucunditatem
2057 1989 2244 2058 volu-

175 2062 380 2154 ptatis
398 2061 681 2136 declinat
699 2116 725 2153 ,
775 2092 909 2143 tum
930 2100 1094 2147 vetor
1114 2084 1432 2179 praecipue
1452 2084 1716 2157 istorum
1735 2133 1760 2168 ,
1797 2087 2042 2184 quippe
2061 2090 2233 2159 mol-

170 2159 364 2245 lioris,
391 2183 624 2250 natutae
643 2216 679 2248 ,.
719 2175 788 2242 &
827 2172 904 2245 ad
954 2178 1339 2252 muliebrem
1384 2185 1718 2257 lenitatem
1755 2185 2230 2262 accedentium.
2264 2274 2271 2282 ⁶

171 2261 361 2344 Hinc
402 2268 698 2345 omnium
722 2273 1119 2372 voluptatum
1136 2303 1208 2348 ac
1227 2282 1529 2355 vitiorum
1550 2309 1783 2385 genera
1805 2287 2062 2357 illorum
2081 2290 2223 2359 ani-

172 2360 302 2431 mis
325 2355 576 2454 subjicit
596 2364 731 2439 haec
753 2365 1046 2470 frequens
1069 2385 1136 2450 &
1160 2376 1373 2451 ociosa
1393 2380 1664 2456 solitudo
1683 2430 1704 2467 ,
1725 2389 1828 2457 cui
1848 2383 2219 2460 foediss‘unae

171 2464 720 2557 contemplationi
738 2468 1176 2547 ideo-securius
1191 2481 1602 2578 acquiescunt
1623 2530 1644 2566 ‚
1663 2486 1837 2583 quod
1857 2485 1938 2555 sic
1956 2488 2226 2582 impune

169 2557 372 2638 liceat
398 2559 514 2629 fibi
529 2563 667 2632 unis
688 2566 955 2641 consciis
975 2570 1124 2655 effe,
1147 2581 1355 2675 palam
1376 2602 1745 2661 autemnon
1762 2584 2035 2656 multum
2057 2608 2219 2678 ope-

175 2652 326 2728 tosa.
338 2658 577 2752 pietate
597 2709 620 2744 ,
644 2658 749 2732 sed
767 2666 844 2735 ad
864 2692 1237 2748 caeterorum
1258 2680 1702 2763 credulitatem
1722 2682 2008 2762 idonea,
2021 2683 2220 2755 victu·

176 2771 334 2824 tem?
360 2753 688 2839 adornare.
763 2767 883 2837 Sed
923 2797 1127 2869 neque
1153 2775 1264 2845 hos
1292 2777 1536 2875 semper
1558 2785 1618 2849 in
1638 2778 1960 2881 sapientiae
1983 2828 2006 2863 2
2044 2807 2116 2854 ac
2135 2807 2219 2854 ne

169 2850 442 2951 quidem
476 2856 544 2928 in
568 2859 875 2934 vitiorum
901 2869 1242 2967 imaginem
1268 2877 1386 2950 css't:
1408 2881 1648 2954 defixos
1671 2881 2017 2955 existimes.
2076 2886 2217 2982 ple-

163 2979 441 3053 rumque
461 2958 624 3030 tardi
642 2964 839 3034 animi
865 2968 1011 3038 ideo
1037 2976 1612 3074 haerentquoniam
1638 2986 1848 3055 minus
1869 3004 2017 3080 apte
2040 2982 2229 3078 quod

164 3054 512 3150 loquantur
530 3059 896 3136 inveniunt.
945 3070 1097 3166 Ipso
1118 3076 1378 3149 interim
1400 3086 1573 3152 vultu
1593 3128 1615 3162 ,
1655 3091 1722 3154 &
1747 3079 1961 3151 nescio
1982 3105 2115 3176 quo
2133 3079 2215 3179 fif

164 3152 378 3227 lentio
396 3197 417 3234 ,
441 3155 542 3250 seu
565 3157 610 3229 fi
635 3163 833 3233 mavis
853 3170 1136 3261 pondere
1158 3220 1179 3254 ‚
1238 3191 1394 3275 (quo
1418 3199 1484 3250 ut
1501 3178 1852 3278 graviffimi
1873 3177 2212 3248 bominum

155 3252 253 3322 ita
273 3252 590 3347 pecudum
611 3258 1022 3341 insulfiffimae
1044 3285 1298 3369 nutant)
1331 3278 1721 3377 integritatis
1744 3273 1925 3353 laude
1944 3282 2008 3353 &
2029 3277 2214 3351 indu.-

158 3348 337 3421 striae
359 3352 720 3430 censentur..

219 3530 220 3533 Ἴ
265 3446 394 3535 Est,
420 3442 584 3539 aliud
615 3459 1021 3558 ingeniorum
1044 3495 1246 3568 genus
1266 3521 1287 3555 ,
1327 3475 1496 3572 pene
1523 3496 1891 3550 caeterotum
1910 3480 2206 3553 omnium

150 3545 573 3637 discrimina,
625 3562 790 3632 mira
817 3567 1082 3664 quidem
1102 3617 1124 3651 ‚
1183 3570 1289 3643 sed
1322 3574 1671 3647 illaudabili
1705 3579 2007 3651 varietate
2024 3606 2212 3651 com-

146 3648 459 3746 plestens
482 3702 508 3735 ,
532 3656 741 3731 tamen
764 3663 830 3733 in
854 3664 1075 3760 primis
1098 3672 1429 3771 egregium
1448 3725 1476 3762 ‚‚
1495 3672 1537 3746 fi
1559 3676 1754 3775 quam
1776 3678 1869 3748 illi
1890 3680 2221 3778 impetum

139 3768 292 3822 tam
311 3741 584 3846 fraenum
600 3781 816 3834 natura
836 3763 1196 3839 addidifl'et.
1262 3774 1432 3843 lllud
1452 3774 1909 3852 esthominum
1930 3829 1952 3866 ‚
1975 3802 2045 3852 ut
2066 3784 2248 3878 quis-

465 3878 470 3884 ·
790 3894 797 3901 ·
903 3882 931 3889 “’
1042 3885 1090 3893 “·
1289 3873 1463 3971 113
1580 3918 1591 3923 -
2094 3900 2230 3976 quq
