2738 4475
927 203 1659 272 PARsII.
2127 208 2265 290 275

224 343 460 419 eorpus,
480 316 775 418 possetne
796 317 873 390 ad
893 341 1249 390 extremam
1277 317 1721 410 necessitatem
1744 314 1994 394 durare,
2012 336 2091 382 ex
2113 335 2264 380 con-

223 421 379 492 vivis
417 423 545 491 duo
568 414 970 490 semianimes
992 419 1425 517 procumbunt
1481 421 1551 489 in
1587 412 1846 488 terram}
1900 409 2266 485 Inundave-

201 533 348 591 'rant
368 517 574 590 solum
593 518 842 589 reducis
862 520 995 590 vini
1011 515 1252 596 fontes,
1276 527 1340 591 &
1365 518 1568 588 odore
1584 513 1942 614 turpifflmo
1958 532 2268 604 corrupe-

216 643 353 689 rant
370 621 624 688 locum:
665 643 812 689 cum
836 620 940 689 alii
962 620 1248 709 jacentes
1269 620 1565 689 attollere
1589 673 1607 700 ,
1649 640 1764 687 nec
1784 614 1900 714 ipsi
1919 614 2087 686 bene
2104 608 2265 701 sani3

212 718 326 787 -alii
343 714 717 787 solutiffimo
732 714 852 787 risu
870 720 1072 787 elatos
1091 713 1385 815 prosequi
1414 737 1776 811 coeperunt.
2226 777 2229 784 ,

322 819 477 916 Ego
497 816 956 887 commoditate
987 818 1299 912 temporis
1320 812 1489 895 usus,
1513 817 1681 886 inter
1698 812 2144 884 bacchantium
2163 809 2271 879 ιιι-ἑ

223 917 461 987 multus
497 916 751 995 elabor‚
798 915 1194 1013 domumque
1229 941 1348 987 nec
1381 919 1512 1009 jam
1550 913 1696 984 satis
1721 913 1971 983 finceris
1997 911 2265 1008 pedibus

216 1041 451 1115 quaero.
515 1013 770 1085 Postera
791 1016 973 1098 luce,
1018 1013 1420 1086 acerbiffimo
1437 1013 1665 1086 dolore
1685 1014 1950 1085 afflifflms
1973 1001 2099 1081 sum
2125 1059 2149 1093 ‚
2191 1014 2263 1080 &

211 1114 372 1187 mihi
392 1114 710 1186 intestinis
731 1114 1004 1212 pulsibus
1023 1140 1091 1184 ca
1103 1137 1208 1211 put
1228 1113 1662 1185 collabebatur
1680 1115 1750 1182 in
1768 1135 2000 1209 partes.
2039 1118 2269 1207 ltaque

206 1214 477 1287 abstinui
501 1214 540 1287 ὲ
561 1212 895 1284 consortio
917 1213 1389 1286 Thebanorum
1410 1269 1427 1293 ,
1468 1220 1532 1284 δι
1555 1213 1707 1284 dum
1731 1232 2134 1307 appararetur
2150 1217 2275 1280 πει-ἐ

201 1316 327 1393 vis,
352 1341 495 1413 quae
521 1309 940 1384 Trifartitum
960 1313 1029 1383 in
1047 1309 1667 1386 Scolimorrhodiam
1690 1306 2270 1390 veheret‚causatus

200 1413 678 1510 intemperiem
703 1439 709 1449 ·
740 1410 1100 1495 stomachi,
1157 1414 1409 1509 ingrata
1460 1412 1902 1484 conviviorum
1949 1406 2270 1482 beneficia

204 1535 449 1586 vitavi.

311 1603 632 1679 Tandem
649 1629 729 1676 ex
744 1608 800 1676 B
813 1605 1018 1677 oeotia
1035 1605 1568 1679 commodiffimis
1588 1604 1888 1679 solvimus
1911 1607 2072 1678 auris
2095 1654 2119 1688 ,
2151 1633 2266 1681 vo·-
2295 1605 2418 1697 30⁴.

200 1727 424 1805 toque
444 1707 706 1775 celerius
725 1703 1103 1776 destinatam
1123 1707 1499 1804 attingimus
1522 1729 1779 1778 terram.
1819 1705 1946 1779 Sed
1963 1707 2123 1777 mibi
2144 1733 2280 1777 non

197 1803 519 1905 placebat
549 1804 627 1876 ad
649 1801 1172 1902 Tefl'aranastum
1192 1831 1337 1876 cum
1357 1803 1711 1880 Trifarrito
1726 1808 1818 1876 ire
1835 1854 1856 1886 ,
1894 1814 1958 1878 &
1984 1806 2283 1901 indigna-

195 1908 319 1980 bar
355 1905 592 2002 Legati
633 1903 863 2000 opibus
886 1903 1032 1974 niti.
1092 1907 1358 2002 Quippe
1382 1905 1908 1978 Tess'aranac‘tum
1945 1905 2279 1978 audiebam

196 2004 387 2104 supra
427 2003 826 2100 antiquitatis
859 2004 1248 2090 vanitatem,
1298 2017 1313 2046 ¹
1333 2009 1592 2077 Heroas
1622 2005 2126 2102 Xenophontios
2152 2004 2281 2077 fin-

199 2107 421 2203 gentis
440 2154 464 2188 ,
485 2102 943 2173 admiratorem
963 2103 1214 2174 virtutis
1233 2110 1300 2173 δε
1320 2106 1693 2200 miraculum
1711 2102 1851 2176 esse.
1912 2099 2032 2176 Me
2052 2127 2269 2181 autem

202 2200 638 2276 charissimum
665 2200 860 2275 Musis
879 2203 1404 2276 communiffima
1425 2203 1719 2276 omnibus
1745 2206 2021 2279 vanitate
2042 2208 2271 2281 crede-

207 2304 382 2375 bam.
440 2305 520 2375 Et
538 2302 822 2374 nondum
841 2304 905 2372 in
924 2303 1050 2373 illis
1067 2303 1372 2403 gentibus
1392 2303 1744 2376 Themistii
1763 2305 2124 2379 aboleverat
2150 2333 2274 2377 no-

211 2428 391 2475 men.
454 2410 682 2498 ltaque
713 2397 1128 2474 Trifartitum
1165 2405 1437 2504 reliqui,
1473 2402 1689 2475 nescio
1721 2430 1841 2502 qua
1859 2402 2273 2476 excusatione

203 2501 362 2583 rusus
388 2557 409 2584 ‚
457 2508 524 2570 &
560 2524 706 2568 cum
727 2501 1063 2595 peregrino
1100 2527 1178 2573 ex
1201 2505 1578 2589 Icoleonte,
1622 2505 1731 2597 qui
1748 2504 1824 2573 ad
1852 2499 2278 2573 Thefl'arana-

223 2601 408 2669 &tum
427 2599 625 2666 etiam
643 2597 943 2667 tendebat
963 2644 985 2678 ,
1023 2601 1249 2672 ociofis
1271 2601 1606 2674 itineribus
1632 2599 1670 2671 s
1660 2628 1764 2671 um
1788 2598 2141 2700 profe6tus2

334 2700 529 2766 Forte
552 2692 773 2766 feriata
791 2695 923 2765 dies
941 2720 1096 2778 erat,
1118 2708 1180 2772 δε
1203 2729 1321 2779 nos
1342 2704 1588 2774 itineris
1606 2702 1890 2773 laborem
1907 2700 2276 2774 levabamus

223 2797 509 2870 innoxiis
532 2796 698 2886 jocis
721 2823 740 2866 z
766 2819 1036 2895 cumque
1057 2802 1163 2870 Sol
1188 2798 1485 2874 fervidius
1507 2802 1791 2874 aestuaret
1809 2859 1827 2885 ,
1868 2798 2275 2874 consedimus

219 2900 389 2971 inter
423 2895 681 2966 arbores
705 2946 728 2980 ,
765 2921 905 2992 quae
937 2895 1148 2969 rustici
1183 2903 1404 2999 praedii
1438 2907 1607 2974 testa
1626 2900 2058 2975 amoeniffima
2076 2905 2275 2971 noete

216 2996 588 3097 cingebant.
616 2993 716 3066 lbi
741 3020 998 3165 quoque
1017 2996 1542 3073 risuiindulsimus
1569 3059 1587 3086 ,
1613 2999 2094 3099 conquifitaque
2113 3001 2285 3095 laeti7

220 3100 314 3167 tia
331 3093 799 3166 molestissimas
826 3092 884 3165 fe
914 3099 1166 3170 ellimus
1186 3110 1390 3202 cqras.

329 3197 474 3292 Iam
496 3191 870 3291 processerat
895 3196 973 3267 ad
995 3221 1254 3272 cantum
1272 3201 1558 3272 hilaritas
1581 3197 1790 3270 nostra
1813 3246 1833 3277 ,
1866 3219 2011 3265 cum
2036 3219 2114 3268 ex
2132 3196 2285 3271 vici-

223 3321 306 3367 na
326 3296 534 3366 domo
551 3294 833 3365 videmus
852 3299 1098 3395 aliquot
1122 3294 1364 3381 servm,
1386 3302 1452 3370 in
1476 3296 1813 3396 purissimis
1837 3296 2036 3396 togis,
2066 3296 2141 3368 ad
2166 3324 2284 3373 nos

221 3395 509 3469 mirabili
550 3396 808 3466 lenitate
828 3399 1208 3471 tendentes:
1249 3422 1456 3496 prona
1473 3396 1772 3466 omnibus
1792 3420 1941 3482 ora3
1986 3401 2284 3498 oculique

220 3497 499 3597 puellari
519 3495 894 3569 verecundia
914 3496 1181 3590 dejesti.
1236 3501 1345 3571 llli
1367 3523 1483 3568 nos
1503 3494 1836 3566 succedere
1859 3498 2047 3567 tec'tis
2071 3522 2283 3580 orant,

2094 3598 2283 3700 seque

287 3714 310 3748 ι
355 3701 533 3747 Heroas
560 3697 926 3765 Xenophanem]
957 3672 1137 3761 Quales
1153 3694 1229 3745 de·
1256 3706 1272 3820 ¹
1293 3695 1367 3747 dia
1382 3696 1433 3750 in
1449 3692 1694 3748 Alcibiade
1710 3695 1759 3748 δε
1775 3694 1884 3748 alibi
1900 3693 2077 3766 panim.

211 3764 485 3821 scribuntur
514 3762 545 3817 ὲ
579 3767 902 3837 xenophonte
932 3766 987 3817 iu
1002 3770 1228 3832 Cyropae·
1820 3838 1852 3887 S
1888 3849 1914 3887 2
2121 3847 2144 3885 ι
2191 3836 2240 3896 tp
2251 3829 2285 3876 ἦ

2238 3859 2251 3889 Ι
