2738 4475
376 853 565 921 Series
593 852 872 947 patefaffl
910 856 1183 927 divinitus
1209 860 1509 953 parricidii
1530 861 1592 929 in
1614 864 1945 931 Maximum
1967 855 2183 955 Regem

606 966 982 1049 Regnumque
1001 961 1316 1029 Britannia
1340 962 1669 1054 cogitati&
1690 958 1969 1055 instruat.

437 1146 561 1199 .-·’,
585 1150 635 1191 ’π
688 1137 962 1194 Ubitatum
985 1136 1096 1211 jam
1131 1140 1260 1196 olim
1311 1141 1379 1196 ab
1411 1142 1733 1214 Antiquitate
1764 1140 1836 1196 est
1856 1176 1871 1199 .
1914 1157 2094 1197 utrum
2125 1142 2304 1198 omni·

434 1275 446 1285 .
591 1252 595 1257 Α
639 1257 651 1265 .
689 1213 783 1268 bus
806 1212 1081 1268 sceleribus
1105 1213 1335 1269 indicere
1349 1232 1561 1287 poenam
1583 1253 1597 1276 ,
1619 1233 1683 1268 an
1701 1214 1945 1269 omittere
1965 1213 2222 1288 praestiret
2240 1232 2303 1271 ea

318 1335 346 1358 ,,,
410 1342 420 1354 ,
473 1326 482 1344 .
517 1291 538 1350 ἶ
607 1307 614 1314 ¹
680 1304 908 1361 quorum
928 1285 1308 1343 immanitatem
1330 1304 1514 1343 natura
1530 1287 1724 1357 refugit
1746 1306 1758 1342 ε
1799 1287 1977 1342 Credo
1994 1292 2140 1363 quod
2162 1290 2303 1344 male

314 1358 326 1448 ἕ
503 1370 539 1404 ”
591 1414 649 1454 --
677 1361 972 1488 323⁰.ssssssssss
976 1359 1118 1487 “11¹3
1121 1360 2127 1507 ‘5225'³5¹0¹¹ffss‘}.{1‘32‘232‘332‚23222{
2136 1362 2301 1491 “⁵33

677 1507 790 1560 haec
816 1521 940 1561 aetas
975 1504 1029 1559 δε
1061 1504 1346 1562 nefandum
1382 1505 1537 1577 buius
1572 1507 1673 1561 diei
1695 1506 2304 1579 parricidium-dubitan-

263 1577 410 1634 tibus
426 1578 728 1652 scrupulum
747 1579 946 1635 ademit
962 1603 980 1647 3
1018 1578 1246 1635 ostendit
1264 1591 1579 1654 ,corruptos
1600 1582 1803 1636 animos
1822 1580 2086 1636 licentiam
2105 1580 2197 1636 fibi
2216 1582 2301 1637 sa·

268 1669 388 1707 cere
402 1687 418 1710 ‚
472 1668 687 1709 uantam
707 1652 862 1708 rivuli
877 1651 1234 1720 crepidinibus
1250 1656 1419 1723 ruptis
1436 1690 1452 1715 ‚
1477 1656 1570 1726 qui
1587 1671 1755 1726 neque
1769 1652 1902 1709 alvei
1920 1654 2300 1716 meminerunt.

269 1743 373 1781 nec
389 1729 443 1780 ni
467 1745 482 1780 ι
503 1744 598 1800 per
611 1731 874 1782 montium
894 1726 1177 1797 insperatos
1195 1726 1367 1781 obices
1387 1724 1715 1799 castigantur·
1754 1728 1966 1800 ingens,
1986 1744 2156 1788 atrox,
2175 1729 2306 1783 hor·

270 1799 448 1854 ridum
465 1798 698 1862 facinus,
736 1800 892 1874 quale
923 1814 1022 1855 nee
1054 1798 1333 1871 antiquitas
1372 1800 1502 1854 vidit
1522 1837 1536 1861 ,
1578 1801 1632 1855 δε
1662 1816 1800 1872 aegre
1834 1800 2027 1873 posteri
2053 1800 2300 1861 credenti

273 1871 502 1945 denique
523 1874 668 1930 velut
687 1892 773 1927 om
783 1876 931 1929 nium
952 1872 1273 1943 flagitiorum
1288 1872 1668 1947 compendium
1689 1875 1744 1927 in
1766 1876 1900 1928 hane
1920 1873 2057 1929 diem
2088 1873 2306 1930 fortuna

269 1946 518 2003 contulit.
593 1948 722 2003 Non
757 1946 972 2003 ulciscar
1002 1950 1270 2001 atrocitate
1311 1946 1594 2001 verborum
1614 1946 1757 2019 quod
1781 1947 1920 2002 nulla
1938 1964 2168 2019 uuquam
2184 1945 2305 2019 sup-

264 2017 423 2091 plicia
453 2019 614 2089 digne
642 2020 978 2076 vindicarint.
1033 2021 1172 2074 Rem
1210 2024 1440 2093 aperiam
1472 2034 1614 2076 tanta
1643 2018 1952 2092 fidequanta
1973 2020 2297 2091 perfidiage-

265 2089 340 2146 sta
358 2091 444 2147 est·
504 2093 687 2162 Populi
714 2092 1070 2168 Nationefilue
1089 2093 1170 2147 vel
1186 2091 1393 2166 stupore
1406 2092 1732 2147 damnabunt
1750 2094 1831 2148 vel
1856 2094 2200 2148 atrocioribus
2229 2091 2307 2149 la-

263 2164 520 2222 cerabunt
557 2170 731 2240 poenis
765 2183 922 2236 quam
941 2185 1067 2243 quas
1087 2165 1206 2240 styli
1226 2166 1496 2221 iracundia
1514 2164 1869 2240 profunderet.
1928 2161 2303 2240 Auguffiffimo

267 2236 460 2310 Jacobo
479 2240 697 2297 tertium
716 2257 919 2297 annum
936 2245 1225 2316 imperante
1238 2241 1422 2310 agebat
1444 2243 1495 2295 in
1527 2237 1627 2294 alta
1662 2258 1786 2313 pace
1821 2239 2084 2296 Britannia
2109 2261 2126 2303 ς
2166 2236 2303 2296 nibil

266 2311 524 2367 tumultus
546 2313 725 2376 domi,
742 2331 867 2369 cum
885 2314 1116 2370 externis
1132 2310 1320 2371 soedus.
1369 2315 1422 2366 N
1427 2331 1498 2367 on
1520 2313 1794 2368 videbatur
1812 2312 1952 2380 poss‘e
1968 2317 2154 2369 tentari
2176 2312 2304 2367 sun·

269 2384 577 2439 damentum
593 2400 701 2439 tam
719 2386 855 2440 bene
874 2387 1049 2439 vallati
1069 2385 1300 2453 Imperii.
1341 2385 1518 2454 Cujus
1536 2402 1595 2439 ut
1610 2389 1801 2440 certius
1820 2386 2058 2440 securitas
2079 2387 2299 2449 viveret,

267 2471 418 2512 erant
441 2457 591 2511 diaae
612 2455 833 2529 publicis
852 2455 1100 2512 Comitiis
1132 2457 1307 2509 Nonae
1341 2456 1706 2514 Novembres3
1747 2456 1952 2525 (incidit
1980 2455 2070 2511 ille
2101 2458 2211 2512 dies
2243 2468 2300 2513 in

276 2545 298 2585 ι
311 2548 364 2594 5.
386 2532 654 2584 Novemb.
673 2529 825 2601 stylo
843 2530 1031 2596 novoz)
1061 2526 1115 2582 id
1131 2525 1204 2580 est
1219 2562 1235 2585 ‚
1256 2525 1429 2581 vocati
1450 2526 1676 2581 Ordines
1691 2530 1864 2600 Regni
1881 2530 1973 2600 qui
1991 2528 2058 2584 de
2079 2535 2306 2601 negotiis

261 2603 489 2674 publicis
506 2600 896 2671 cognoscerent.
914 2598 1431 2657 westmonasterium
1449 2599 1519 2654 est
1541 2602 1793 2671 oppidum
1812 2604 1881 2656 ita
1903 2603 2150 2658 Londino
2167 2619 2304 2659 con-

265 2675 484 2731 tinuatis
503 2674 750 2730 domibus
768 2674 1036 2732 annexur'u
1057 2711 1073 2736 ‚
1115 2687 1173 2727 nt
1190 2691 1247 2728 ea
1264 2669 1371 2727 sola
1388 2672 1663 2745 appellatio
1680 2672 1961 2748 disjungat.
2015 2677 2076 2729 In
2104 2692 2173 2730 eo
2194 2710 2210 2734 .
2245 2678 2302 2733 δι

264 2748 436 2820 Regia
455 2747 524 2805 ad
545 2764 752 2804 amnem
772 2747 862 2804 fita
878 2787 892 2809 ,
911 2751 963 2804 &
980 2745 1266 2802 secundum
1286 2745 1503 2802 eandem
1526 2750 1688 2813 ripam
1715 2747 1872 2821 paulo
1890 2747 2120 2821 superius
2139 2748 2302 2806 Curia

268 2839 393 2895 qua
418 2822 518 2877 hos
546 2822 718 2893 Regni
742 2822 1051 2877 Conventus
1084 2820 1289 2891 accipit.
1342 2818 1695 2875 Sacratiffimis
1729 2822 1958 2889 Regibus
1986 2821 2144 2894 digna
2161 2839 2304 2880 tanta

268 2892 536 2966 Maiestate
555 2894 717 2953 sedes.
768 2897 846 2949 Ad
864 2912 1052 2950 eorum
1069 2894 1224 2967 pedes
1242 2891 1536 2948 serenissimi
1561 2894 1723 2949 liberi·
1781 2895 1923 2950 Cum
1954 2898 2102 2966 Rege
2130 2897 2301 2952 sacro·

266 2986 391 3025 rum
411 2966 674 3024 Antistites
695 3003 711 3028 ‚
735 2971 786 3025 8(
804 2985 936 3041 quos
958 2969 1251 3022 Britannica
1273 2964 1451 3038 lingua
1471 2961 2071 3042 Dominosapptllamus
2092 3008 2105 3028 .
2143 2986 2298 3026 nem·

265 3043 908 3171 peAEgcesdtMarcligones
926 3079 942 3104 ,
964 3040 1614 3168 Ερωὶξὲξῶνίςςοσὲἑῃὲτεάε.
1628 3079 1643 3101 ,
1663 3042 1715 3096 8<
1731 3042 1985 3170 Beati-one&
2024 3044 2300 3128 purpureis

263 3133 511 3243 {zisassf’
528 3131 741 3270 325³}ssss
774 3130 1459 3268 33ss22¹²52i3¹2g¹1st2.32‚,
1476 3129 2300 3258 ἱι“κέ’ὲῖἑί,ὲῗεςῑὲέζῖῗηῗί3ξ

268 3263 523 3316 Gentium
563 3261 737 3329 legati.
786 3263 967 3332 Regiis
998 3263 1157 3316 etiam
1191 3258 1488 3314 domesticis
1524 3277 1662 3315 certa
1680 3259 1832 3315 sedes·
1849 3261 1981 3388 6Iam
1999 3261 2183 3334 reliqui
2200 3261 2302 3318 dis·

268 3333 580 3391 criminibus
599 3332 846 3407 consulis,
864 3349 1000 3404 quot
1012 3331 1335 3400 capacisfima
1355 3332 1490 3387 sedes
1509 3337 1738 3406 accipere
1754 3350 1847 3405 pot
1878 3332 1951 3389 st:
1969 3352 2137 3406 neque
2153 3337 2303 3394 enim

274 3408 508 3463 melioris
541 3421 680 3461 notae
695 3407 961 3478 quisquam
980 3405 1280 3462 excluditur
1296 3408 1361 3458 ab
1377 3405 1618 3460 oratione
1633 3406 1789 3475 Regis
1801 3425 1902 3478 qua
1921 3408 2131 3478 initium
2147 3410 2304 3464 Con·

266 3480 391 3535 cilio
412 3478 548 3534 facit·
605 3481 734 3534 Non
755 3480 830 3535 est
849 3480 1103 3536 celebrior
1120 3482 1172 3534 in
1190 3477 1320 3532 orbe
1335 3495 1590 3534 terrarum
1611 3478 1890 3535 consess'us.
1931 3482 2118 3551 Igitur.
2133 3498 2304 3553 quum

266 3553 376 3629 jam
402 3550 610 3607 instaret
624 3551 763 3608 illius
778 3551 879 3607 diei
898 3570 1091 3625 pompa
1109 3588 1125 3610 .
1153 3551 1290 3608 forte
1307 3551 1389 3606 vir
1407 3552 1493 3623 ips
1485 3572 1506 3606 i
1521 3553 1777 3607 celeritate
1795 3557 2006 3624 ignotus
2028 3552 2270 3610 Nobilissi
2282 3581 2303 3595 ·

271 3627 347 3682 rui
369 3624 581 3680 Eat-onis
602 3625 937 3697 Montaquilii
957 3643 1121 3698 puero
1140 3626 1308 3680 literas
1326 3627 1581 3697 porrigit.-
1611 3643 1694 3680 eas
1719 3626 1954 3680 Domino
1974 3626 2065 3682 suo
2085 3629 2305 3686 reddere

264 3700 435 3772 jubet.
498 3700 616 3753 Nec
646 3698 863 3754 ulterius
892 3701 1165 3755 cunaatus
1194 3717 1350 3766 quam
1387 3715 1444 3753 ut
1464 3697 1745 3766 Epistolam
1765 3699 1988 3754 traderet
2011 3737 2025 3761 .
2064 3701 2208 3774 quod
2228 3696 2304 3754 est

273 3771 426 3828 facile
446 3772 499 3827 in
519 3787 624 3826 tam
642 3770 891 3845 populosa
917 3773 1074 3830 urbe,
1107 3771 1387 3843 praesertim
1427 3770 1558 3826 nihil
1588 3772 1895 3827 sollicitante
1916 3789 2114 3846 puero,
2146 3773 2196 3826 se
2214 3788 2306 3844 per

267 3844 591 3906 transeuntes
627 3845 912 3904 hominum
943 3844 1133 3920 globos
1165 3844 1433 3901 confudit.
1484 3846 1711 3910 Servus,
1745 3862 1806 3903 ut
1835 3862 1946 3904 erat
1976 3847 2312 3976 impffiatum,

2152 3932 2307 3977 onm-
