2738 4475
396 169 500 242 90
862 144 1949 224 EuinonM.·SArr1‘1er

393 289 566 341 ratos
601 290 829 340 omnes
866 269 977 342 sub
1012 272 1242 344 eodem
1283 273 1557 345 crimine
1572 268 1951 344 infamavit?
1991 262 2182 340 'absit
2199 262 2328 338 boc
2351 262 2438 340 ab'

395 368 729 465 Apollinis
748 364 1032 457 familia,
1065 392 1131 442 ut
1153 397 1351 445 nemo
1373 370 1787 470 AEsculapium
1808 371 2004 441 notit.
2043 374 2431 465 Quanquam

393 464 521 539 hoc
541 492 658 539 nec
678 464 916 545 invitus
932 465 1132 543 fateor
1152 500 1168 542 ε
1192 458 1422 544 scholae
1444 467 1666 545 nostrae
1683 467 2047 568 periculosis
2067 469 2268 566 plenae
2287 461 2433 538 sunt

387 563 703 664 scopulis,
756 571 865 668 qui
896 566 1509 644 adolescentulorum
1544 567 1914 643 industriam
1952 564 2245 667 quotidie
2276 587 2431 636 nau-

390 660 601 765 fragio
639 661 1033 743 subvertunt.
1085 673 1172 744 Et
1213 671 1324 744 nisi
1342 672 1529 745 multi
1546 672 1743 771 genio
1759 668 2013 747 meliori
2030 663 2298 737 salutem
2318 662 2432 735 de-

390 763 616 836 berent
634 819 657 849 ‚
681 769 875 838 etiam
894 771 1159 867 optirnoe
1180 792 1430 866 mentes
1449 772 1839 843 incurrerent
1854 768 1923 839 in
1940 766 2048 837 illa
2068 763 2225 836 vada
2243 807 2265 841 ,
2288 785 2430 860 quae

389 861 655 962 insignis
686 864 1132 967 magistrorum
1168 869 1597 967 imprudentia
1618 870 1904 971 collegit.
1958 870 2135 939 'rum
2162 863 2430 937 Callion

388 964 633 1059 aperire
674 984 805 1037 tam
840 961 1071 1040 funesti
1097 971 1245 1040 mali
1269 968 1364 1039 ori
1417 971 1591 1040 inem
1614 989 1840 1068 rogat,
1883 974 1945 1041 &
1969 965 2258 1037 annates
2365 985 2434 1031 r-

389 1060 814 1136 niciofiffimae
836 1063 1028 1139 sefiae
1044 1123 1066 1151 ,
1111 1069 1217 1167 qui
1237 994 1437 1138 Muffs
1459 1114 1484 1152 ,
1512 1068 1725 1165 inquit
1746 1115 1771 1153 ,
1806 1064 1952 1139 dedi
1967 1062 2044 1135 ad
2064 1081 2262 1135 omne
2281 985 2433 1155 sinep-

389 1161 655 1258 plicium
679 1162 940 1235 debent.
996 1168 1160 1237 Mox
1180 1168 1289 1239 ille
1308 1212 1332 1248 ‚
1373 1189 1442 1237 ut
1460 1170 1790 1239 neminem
1815 1164 1897 1237 de
1910 1159 2185 1235 artificio
2198 1154 2309 1228 suo
2325 1158 2429 1226 lo-

386 1260 791 1462 3183&ssss
807 1253 2433 1464 ιῗέἷὲῗέΤξκξῗξῗὲἱξῖῗὲἐὲἕῖἶῗιῗὲἓῖἷιῖἓῖἶω

275 1470 363 1520 20
489 1461 820 1550 Primum,
861 1464 1112 1564 inquit,
1149 1464 1432 1540 barbaria
1448 1466 1718 1565 'patrum
1736 1461 2103 1538 nostrornm
2117 1452 2437 1554 tempori-

387 1554 505 1629 bus
540 1562 1156 1637 omne‘tnMusat-um
1174 1564 1550 1638 suavitatem
1572 1563 1943 1640 excluserat.
1996 1564 2164 1634 Non
2181 1559 2275 1630 illi
2296 1579 2440 1629 mo-

389 1655 481 1729 do
517 1658 1203 1738 humanioreslitteras
1238 1669 1692 1768 neglexerant,
1731 1662 1836 1737 sed
1870 1663 2066 1735 etiam
2089 1683 2237 1730 cum
2256 1653 2435 1727 seve-

390 1760 541 1829 riori
576 1761 876 1835 doarina
904 1789 1040 1837 non
1078 1766 1421 1838 credebant
1457 1765 1737 1837 delicato
1773 1759 2048 1836 sermoni
2084 1755 2433 1828 convenire

393 1858 605 1953 posse.
659 1864 842 1936 Hinc
875 1868 1211 1963 peregrina
1248 1863 1534 1933 diffioin
1555 1863 1815 1933 Latinas
1830 1857 2086 1927 invefih
2101 1851 2423 1933 scientias,

350 2017 353 2021 .
391 1959 459 2025 δι
477 1960 864 2054 eloquentie
886 1963 1215 2031 industum
1229 1958 1490 2030 exilium
1511 2004 1536 2042 ,
1576 1979 1643 2026 ut
1662 1957 1892 2028 mirum
1913 1948 1988 2021 fit
2003 2005 2025 2034 ,
2065 1944 2424 2047 prestantia

391 2052 687 2150 ingenia,
737 2083 875 2155 quae
897 2058 1022 2126 illis
1040 2056 1327 2130 oetatibus
1350 2054 1700 2127 floruerunt
1718 2099 1740 2133 ‚
1776 2050 2176 2149 optimorum
2196 2046 2433 2118 1σᾶἰο-

389 2173 469 2220 ne
506 2150 812 2223 librorum
851 2174 1211 2254 temperare
1254 2179 1387 2224 non
1427 2150 1697 2253 potuisse
1730 2151 1856 2223 hoc
1893 2147 2092 2220 veluti
2109 2144 2334 2219 odium
2354 2146 2425 2218 in

382 2249 688 2345 ingenuas
724 2250 1081 2354 politasque
1115 2250 1503 2353 disciplinas.
1554 2251 1814 2328 Nullibi
1850 2269 2111 2321 carmen
2128 2242 2249 2316 suis
2266 2270 2429 2316 con-

381 2343 584 2419 stabat
620 2351 900 2450 partibus
920 2399 943 2435 ,
976 2353 1095 2425 nisi
1134 2355 1307 2453 quod
1339 2354 1439 2426 bis
1472 2374 1696 2452 terque
1737 2352 1807 2422 in
1824 2346 2097 2421 eandem
2113 2341 2419 2444 syllabam

382 2446 662 2522 caderet.
718 2453 1115 2528 Orationurn
1157 2453 1455 2552 periodos
1491 2456 1591 2526 vel
1612 2448 1843 2523 absona
1856 2444 2196 2520 verborum
2215 2443 2427 2542 gemi—

384 2548 568 2620 natio
601 2553 702 2624 vel
726 2553 952 2650 inepta
985 2550 1295 2625 subtilitas
1330 2551 1641 2650 implebat
1660 2602 1685 2638 .
1721 2555 1784 2620 &
1810 2547 1994 2645 fiqua
2011 2541 2428 2617 occurrebant

221 2725 228 2732 ,
382 2652 485 2719 vel
504 2669 584 2716 ex
602 2653 880 2751 antiquis
899 2649 1188 2723 moribus
1207 2707 1230 2737 ,
1261 2654 1461 2724 velex
1482 2650 1670 2749 prisci
1690 2647 1809 2721 aevi
1831 2645 2144 2726 memoria
2160 2687 2183 2723 2
2218 2635 2432 2713 rebus-

300 2777 309 2790 .
382 2772 507 2846 que
542 2746 740 2845 gestis
776 2795 800 2831 ,
850 2774 929 2821 ea
963 2774 1134 2822 nunc
1167 2749 1559 2823 omittebant
1596 2744 1950 2822 foedissima
1987 2741 2420 2842 ignoratione,

243 2855 251 2862 “
380 2874 551 2926 nunc
587 2851 662 2921 ad
703 2848 793 2921 sui
836 2847 1030 2920 seculi
1066 2851 1386 2923 rationem
1417 2849 1668 2921 detorta
1705 2844 1950 2919 fiffitiis
1985 2838 2254 2913 sensibus
2276 2861 2423 2908 cor-

377 2948 784 3050 rumpebant.
845 2950 977 3023 Hic
1014 2948 1329 3048 Pyrrhum
1353 2948 1628 3020 Achillis
1653 2946 1859 3020 filium
1879 2939 2130 3014 dicebat
2146 2933 2289 3035 post
2305 2961 2425 3009 ex-

379 3074 731 3149 pugnatum
754 3049 945 3123 Ilium
963 3051 1157 3121 etiam
1180 3053 1481 3121 Romana
1501 3048 1749 3120 moenia
1762 3035 2103 3114 obsedisse:
2144 3039 2257 3107 ille
2289 3040 2430 3110 Sci·

381 3152 647 3245 pinnum
685 3157 750 3222 δι
794 3145 1294 3223 Censorinorum
1332 3149 1598 3219 nomina
1617 3145 1693 3219 ad
1712 3143 2054 3241 dignitates
2077 3132 2417 3209 referebat.

378 3249 517 3322 Hic
558 3250 905 3321 Falcidiam
941 3249 1198 3347 legem,
1254 3246 1428 3347 quod
1475 3243 1665 3317 instar
1682 3241 2088 3339 falcislegata
2106 3234 2424 3308 rescinde-

236 3392 248 3406 ·
379 3370 514 3430 ret,
553 3348 810 3424 volebat
830 3350 1234 3448 appellatam.
1290 3347 1519 3428 Alius,
1557 3343 1904 3426 Gentiles,
1938 3339 2089 3440 quia
2104 3337 2295 3412 nullis
2315 3359 2422 3449 ‘f'

2108 3458 2416 3510 remonns

453 3605 480 3640 r
517 3589 660 3654 Abfie
681 3588 758 3640 hoe
782 3585 1264 3658 &Apuaa'm’efouiliae
1277 3617 1299 3646 ‚
1323 3597 1371 3635 nt
1428 3578 1694 3634 tonsoribus
1710 3615 1728 3641 ,
1754 3579 1835 3649 φὶ
1859 3576 2003 3634 fuerit
2018 3572 2300 3646 Rsmlapins
2313 3609 2334 3638 ,
2365 3577 2419 3629 Q

379 3661 791 3727 mascnlaepim
801 3659 961 3723 mrim]
987 3654 1083 3708 tufi
1099 3652 1204 3706 satis
1218 3651 1368 3721 super-
1429 3667 1568 3719 quam
1584 3650 1759 3719 peritus
1787 3650 2088 3706 inmedicim
2098 3643 2232 3718 supa
2247 3647 2418 3699 merni-

380 3723 1367 3832 t1tteomnibnsuutus.etiamlippis‚&
1430 3719 1609 3776 ulmus·
2122 3799 2129 3802 Δ
2201 3770 2416 3847 'mm
