2738 4475
1819 120 1865 154 V
1909 153 1914 156 Α

488 207 637 288 666
976 207 1478 280 Eunaeum,
1528 190 2043 282 saa-armet

485 347 601 388 non
618 346 742 386 raro
756 325 1123 404 progreditur.
1155 327 1428 414 ‘Attamen
1446 325 1592 415 inter
1604 343 1697 383 eas
1713 327 1892 403 pestes
1907 367 1926 394 ,
1956 345 2082 406 quae
2109 330 2169 387 in
2192 330 2349 390 Aulis
2360 332 2559 395 talene

484 405 1282 564 ffissffissssqfflffiff
1293 404 2545 564 &affige{alstitfizfflmssfffifflss

487 565 649 641 Qid
672 579 787 621 tam
806 564 1084 642 integrum
1101 561 1256 640 quod
1277 579 1490 618 veneno
1504 559 1604 620 suo
1620 580 1731 619 non
1750 563 1981 625 inficiat,
1997 567 2150 643 quid
2166 582 2280 624 tam
2294 567 2533 628 stastum

487 643 644 720 quod
664 660 776 700 non
793 656 1037 700 conterat
1055 680 1071 705 ,
1101 641 1243 717 quid
1267 655 1392 698 tam
1420 637 1613 698 sanum
1644 643 1799 718 quod
1828 644 2091 720 pestifero
2121 646 2531 704 halituimnon

487 722 639 779 afflet
652 761 669 787 ,
684 719 818 799 quid
834 721 1166 795 tamjustum
1186 719 1339 796 quod
1357 719 1522 777 dente
1538 738 1656 778 non
1672 722 1867 786 rodat,
1881 724 2020 801 quid
2036 738 2161 782 tam
2182 723 2527 800 purumquod

490 818 606 859 non
653 799 998 857 contaminet
1026 836 1045 864 ,
1074 799 1237 855 omni
1283 797 1460 873 hydra
1500 799 1847 873 pestilentior
1863 839 1882 866 ,
1927 803 2066 860 dum
2104 801 2422 861 insontium
2444 805 2536 861 v'u·

489 876 697 937 tutibus
712 875 988 934 malitiose
998 876 1235 935 oblatrat
1249 917 1266 943 ,
1301 878 1442 934 dum
1473 876 1559 934 bis
1577 878 1659 935 im
1703 899 1816 937 une
1831 881 2106 939 obn-cem
2121 921 2139 946 ‚
2182 885 2543 958 &praemiun

485 957 705 1014 virtutis
719 994 735 1019 .
748 956 958 1031 justam
976 955 1217 1034 gloriam
1234 955 1423 1012 multo
1439 969 1659 1032 partam
1725 959 1859 1015 bore
1874 999 1891 1023 .
1910 959 2159 1017 dilaniat.

565 1035 654 1092 Ad
671 1033 789 1091 haec
803 1032 1043 1092 Rosetus
1057 1073 1073 1098 ‚
1092 1035 1217 1111 quis
1230 1034 1456 1091 tandem
1478 1034 1742 1095 Rollonis
1752 1039 1969 1095 exitus?
1999 1039 2199 1094 Exitus
2223 1038 2552 1115 :depoljm-

478 1115 607 1175 stus·
626 1112 928 1188 &quidem
947 1114 1198 1178 meritus,
1222 1112 1417 1169 retulit
1431 1112 1801 1190 Aletophilus,
1818 1116 1992 1193 qualis
2006 1114 2259 1171 Phoedtae
2272 1119 2549 1193 contigit,

479 1191 656 1272 qualis
675 1190 993 1265 Stenobeae:
1029 1192 1201 1249 Rollo
1233 1189 1448 1249 scilicet
1464 1193 1752 1272 utriusque
1765 1193 1934 1252 fatum
1953 1207 2366 1251 commeruerat
2381 1233 2402 1256 ,
2433 1197 2543 1270 qui

479 1269 766 1348 utriusque
784 1269 1063 1328 malitiam
1078 1268 1423 1347 superaverat
1440 1290 1455 1327 ι
1473 1268 1741 1349 fiquidem
1754 1272 1847 1329 rea
1864 1271 2114 1346 Principe
2127 1268 2271 1328 serio
2328 1273 2530 1329 uidem

482 1348 790 1427 conquisita
811 1388 828 1414 ‚
841 1351 898 1407 &
911 1348 979 1406 ab
993 1349 1191 1412 amica,
1205 1367 1382 1426 quam
1398 1352 1614 1426 conjux
1630 1347 1890 1415 inviserat,
1903 1354 1957 1409 δι
1973 1350 2135 1408 atota
2144 1351 2268 1425 ejus
2403 1350 2520 1415 ilia,

480 1432 540 1488 δι
573 1428 847 1486 comitatu
878 1425 1202 1485 ancillarum
1221 1427 1459 1487 revelata
1478 1425 1880 1506 Prin'cepsfaffi
1892 1429 2163 1506 poen'xtens
2182 1468 2202 1493 ‚
2230 1431 2527 1487 &memor

482 1507 708 1565 illarum
728 1506 1003 1564 virtutum
1022 1544 1041 1569 .
1066 1524 1207 1583 quas
1238 1508 1299 1564 in
1334 1508 1575 1585 conjuge
1609 1508 1741 1566 alias
1756 1508 2063 1566 adoraverat
2081 1546 2099 1571 ‚
2129 1510 2226 1565 vix
2318 1520 2441 1564 tens
2455 1505 2534 1564 sui

484 1585 590 1644 effe
607 1586 780 1663 potest
796 1583 1039 1650 ‚ferrum
1054 1586 1116 1644 in
1135 1586 1440 1643 Rollonem
1460 1601 1584 1643 tum
1600 1589 1662 1643 in
1679 1586 2097 1645 seconverteret
2115 1585 2214 1644 nifi
2286 1587 2534 1644 eleraum

484 1682 720 1723 manum
749 1683 893 1722 unus
918 1661 949 1720 ὲ
984 1661 1244 1722 satellitio
1271 1666 1599 1722 contineret.
1642 1663 1822 1722 Rollo
1857 1667 2064 1724 veritus
2092 1667 2241 1725 iram
2273 1666 2536 1741 Principis

487 1742 589 1801 fibi
607 1742 719 1820 ipse
735 1761 930 1800 manus
936 1739 1207 1824 conscivit
1218 1780 1239 1803 .
1268 1760 1334 1802 ut
1349 1761 1542 1800 manus
1555 1743 1703 1801 illius
1713 1743 2041 1802 declinaret.

569 1824 639 1881 Et
656 1821 933 1880 Macrinus
945 1859 961 1884 ‚
1002 1820 1077 1878 ita
1095 1821 1433 1898 Hippolytus
1445 1839 1573 1879 cum
1589 1823 1907 1881 novercales
1916 1824 2023 1879 iras
2035 1821 2323 1880 devitaffet
2339 1861 2359 1887 ,
2373 1839 2542 1880 curru

489 1898 705 1976 asylum
722 1903 779 1959 δι
792 1917 940 1958 aram
959 1898 1223 1977 vestigans
1238 1938 1257 1960 .
1282 1902 1419 1959 dum
1449 1913 1588 1957 errat
1613 1918 1783 1978 vagus
1816 1919 1919 1975 per
1935 1899 2126 1957 littora
2136 1900 2450 1976 phocarum
2469 1902 2536 1957 in

486 1998 654 2056 aquas
684 1978 1091 2054 erumpentium
1126 1976 1353 2037 insolito
1386 1980 1629 2035 monstro
1659 1977 1938 2054 quadrigae
1965 1980 2042 2036 fic
2070 1978 2249 2038 territi
2265 1976 2423 2039 sunt,
2457 1989 2531 2033 ut

485 2057 755 2115 concussis
784 2057 891 2115 alte
906 2056 1054 2134 jubis
1066 2075 1290 2115 currum
1306 2075 1401 2134 per
1413 2057 1580 2113 invias
1590 2073 1750 2130 rupes
1764 2054 1875 2110 fine
1885 2054 2012 2130 lege
2025 2093 2044 2119 ‚
2076 2052 2174 2110 etfi
2187 2053 2522 2111 oblmstmte

488 2135 803 2211 Hippolyto
818 2134 1188 2193 distraherent.
1228 2138 1365 2213 Qae
1389 2151 1532 2190 mors
1556 2132 1803 2209 evulgata
1848 2130 2143 2188 Phoedram
2172 2127 2525 2188 erubescen-

486 2224 605 2270 tem
625 2213 694 2269 de
708 2213 988 2272 calumnia
1001 2213 1068 2271 ad
1087 2215 1269 2273 restem
1285 2211 1475 2286 adegit.

564 2291 825 2349 Subdidit
858 2289 947 2349 his
981 2294 1259 2352 Burrinus:
1288 2292 1392 2347 Vix
1416 2287 1653 2347 abfimile
1681 2285 1992 2357 ludibrium
2007 2286 2329 2346 calumnia
2341 2287 2534 2364 paffus

483 2368 856 2445 Bellerophon
873 2408 891 2434 ‚
917 2369 1122 2429 Glauci
1154 2371 1311 2450 Regis
1333 2368 1564 2446 Ephyrae
1591 2366 1741 2426 filius
1760 2408 1778 2432 ,
1804 2368 1963 2443 cu'jus
1989 2384 2193 2423 amore
2207 2366 2528 2431 Stenobm.

486 2449 659 2507 Proeti
678 2450 845 2526 Regis
858 2450 1067 2524 conjux
1082 2468 1217 2508 cum
1237 2450 1525 2525 impensius
1535 2447 1746 2507 arderet
1764 2486 1782 2511 ,
1811 2448 1869 2504 k
1882 2445 1951 2503 ab
1966 2464 2040 2502 eo
2052 2460 2263 2521 praeter
2273 2444 2423 2520 spem
2441 2465 2526 2501 re-

484 2526 696 2605 pulsam
711 2527 851 2604 pass‘a
866 2527 995 2586 ess‘et
1008 2568 1024 2593 ,
1040 2529 1099 2586 in
1116 2529 1330 2587 rabiem
1348 2525 1639 2586 efferataad
1658 2525 1908 2583 Phoedrae
1924 2525 2282 2583 calumniam
2299 2523 2524 2585 labituri

484 2607 558 2666 iic
573 2610 726 2665 enim
747 2600 837 2665 illa
851 2606 916 2664 ad
933 2607 1239 2684 conjugem
1260 2607 1534 2672 Proetum.
1803 2648 1809 2655 -

643 2692 816 2745 ,Proeu
841 2684 1000 2742 velim
1019 2695 1237 2760 pereas,
1270 2689 1501 2762 perimas
1537 2680 1630 2760 ufi
1655 2680 2111 2759 Beneventanum,

640 2762 776 2850 ,Qui
803 2776 1040 2819 tenerum
1066 2767 1248 2822 invita
1279 2764 1460 2822 voluit
1488 2763 1690 2823 violare
1705 2762 1973 2839 pudorem.

483 2841 615 2915 Ejus
629 2837 826 2894 deinde
843 2838 1111 2916 prosperis
1125 2842 1418 2899 eventibus
1434 2881 1453 2906 ‚
1495 2843 1744 2900 maxime
1768 2854 1920 2918 parta
1934 2840 2002 2897 de
2017 2837 2310 2914 Chymaera
2328 2839 2519 2910 Lyci:

480 2917 743 2982 viaoria,
772 2916 1161 2977 calumniatrix
1173 2939 1309 2977 cum
1328 2923 1672 2997 impotenter
1689 2919 1989 2979 invideret.
2014 2933 2247 2975 mortem
2274 2914 2371 2971 fibi
2397 2913 2514 2971 fixis

481 2995 740 3053 manibus
751 2998 950 3054 attulit.
992 2998 1080 3054 Sic
1096 2996 1209 3072 ipfi
1225 3016 1379 3055 mors
1390 3001 1729 3057 calumniam
1746 3017 1968 3075 quoque
1981 2995 2089 3053 ulta
2110 2995 2201 3051 est.

563 3077 633 3133 Et
659 3072 895 3135 Rosetus
914 3115 930 3140 .
962 3076 1173 3133 Placuit
1217 3078 1546 3135 mulcham
1576 3076 1782 3135 audiss‘e
1809 3076 2144 3136 calumniam.
2193 3068 2514 3147 Abrumpit

482 3153 887 3230 Alethophilus:
907 3157 998 3213 vix
1016 3154 1328 3214 abfimilem
1349 3156 1379 3213 ὲ
1398 3156 1642 3213 Rollone
1657 3155 1986 3213 calumniam
2001 3150 2095 3208 nisi
2109 3149 2374 3206 molestus
2386 3151 2522 3215 sim,

406 3250 421 3255 ’
479 3235 794 3303 etiamnum
810 3234 1032 3311 profero
1047 3236 1105 3292 in
1121 3234 1449 3311 exemplum
1469 3274 1488 3299 ,
1506 3249 1631 3292 tum
1661 3234 1862 3311 aliquis
1875 3226 2331 3306 aliussymbolum
2349 3225 2522 3285 suum

479 3311 665 3371 dabit:
705 3328 979 3372 annuente
992 3312 1234 3371 consessu
1250 3314 1322 3370 fic
1339 3312 1466 3370 ille:
1511 3314 1829 3371 Arenoricae
1860 3308 2372 3369 BritanniaeComoe
2384 3325 2521 3363 cum

479 3388 684 3448 abess‘et
695 3390 816 3449 aula
832 3430 849 3457 ,
871 3391 1092 3448 Aulicus
1104 3390 1375 3467 pudorem
1396 3390 1785 3449 honestissimae
1799 3390 2060 3468 conjugis
2073 3427 2090 3451 .
2118 3385 2322 3464 quibus
2336 3387 2526 3459 potuit

479 3465 666 3525 illiciis
694 3468 985 3529 sollicitare
1011 3470 1289 3527 decernit:
1330 3488 1525 3528 verum
1558 3468 1651 3526 illa
1680 3469 1849 3526 veluti
1881 3483 2071 3525 cautes
2091 3481 2289 3523 contra
2305 3462 2525 3539 Stygios

481 3544 644 3601 flatus
660 3585 677 3609 ‚
708 3544 1055 3625 fusuri-osque
1084 3546 1366 3626 pestiferos
1384 3549 1627 3605 immota
1640 3564 1774 3605 cum
1793 3546 2018 3604 stetiss‘et
2043 3585 2061 3610 ‚
2093 3548 2149 3603 δι
2165 3544 2524 3602 constantiam

481 3620 600 3697 ejus
616 3620 684 3678 de
696 3622 794 3679 suo
809 3626 944 3683 statu
964 3626 1249 3684 dimovere
1261 3626 1638 3684 blandimenta
1651 3642 1764 3680 non
1781 3624 2089 3700 potuiffent
2100 3660 2119 3682 .
2141 3640 2270 3680 ecce
2285 3620 2532 3677 illacon·

474 3701 581 3778 jux
598 3700 878 3759 castiffima
892 3706 992 3777 pro
1012 3703 1159 3764 nefas
1179 3710 1193 3761 Ξ
1225 3705 1529 3783 prostitutae
1544 3718 1736 3760 tamen
1752 3702 2039 3779 pudicitioe
2050 3699 2161 3758 suae
2174 3737 2193 3761 ‚
2223 3703 2280 3757 &
2310 3698 2532 3756 violatae

483 3779 613 3840 fidei
627 3778 930 3859 conjugalis
943 3781 1011 3841 ab
1024 3785 1226 3844 eodem
1245 3786 1475 3862 impuro
1489 3798 1740 3863 ganeone
1753 3781 1897 3856 apud
1912 3780 2212 3838 Comitem
2244 3776 2518 3836 absentem

2347 3870 2520 3912 aocet·
