2738 4475
904 231 1641 308 Pansn.
2106 245 2254 345 269

231 347 540 425 diocriter
553 347 836 450 placebat
851 396 878 431 ‚
894 349 963 426 in
978 353 1358 428 memoriam
1373 355 1644 455 repetita
1655 352 1944 432 lefflone
1959 358 2265 458 perduc03

232 452 449 523 notavi
486 450 567 521 ad
598 452 880 524 vicinum
915 454 1226 551 parietem
1258 455 1449 526 aliam
1472 456 1822 553 imaginem
1838 509 1864 541 ,
1904 457 1971 527 in
1989 482 2114 556 qua
2136 461 2271 534 vidi
2351 472 2365 489 ‘

227 549 611 651 Protagonis
663 550 1019 624 simillimos
1069 552 1318 626 vultus.·
1357 552 1745 652 Fingebatur
1772 575 1984 632 autem
2015 558 2263 657 aliqnid

222 646 510 723 seribere
523 650 591 720 in
607 652 894 736 Moteto,
916 649 1087 750 quasi
1108 661 1236 722 non
1258 647 1405 725 satis
1421 652 1553 724 anti
1603 650 1904 727 uisssimua
1924 657 2130 728 Poe'ta
2145 658 2265 728 ab-

232 743 514 822 solvifl‘ct
532 746 652 821 hoc
669 773 947 844 carmen,
972 755 1069 822 Ac
1090 749 1324 822 deinde
1342 775 1490 823 cum
1506 775 1544 823 e
1661 750 1899 825 iffimus
1916 753 2128 827 imber
2147 755 2259 829 sub

227 843 350 918 dio
364 848 787 937 ambulantem
803 850 1182 948 impeteret,
1196 844 1479 948 fisgiebat
1494 848 1570 923 ad
1592 852 1912 949 proximas
1925 854 2106 953 sepes
2129 903 2152 939 ‚
2184 865 2263 931 δε

228 947 620 1032 cuniculum,
634 949 827 1048 quiin
844 950 971 1022 illis
985 945 1315 1021 latibulum
1331 944 1665 1020 defoderat
1682 995 1706 1029 ‚
1724 953 2027 1025 acerrima
2038 955 2262 1030 obscr-

217 1046 490 1119 vatione
519 1046 879 1148 quaerebat:
928 1050 1160 1148 Neque
1179 1049 1397 1145 procul
1421 1046 1732 1146 Liphippi
1747 1044 1978 1122 faciem
1992 1057 2256 1153 agnovi,

210 1168 367 1216 cum
389 1143 494 1216 sua
510 1173 706 1221 uxore
726 1157 794 1222 δι
815 1145 1058 1247 aliquot
1073 1145 1460 1220 antistitibus
1482 1148 1862 1245 populorum
1885 1147 2131 1225 suorum
2151 1151 2252 1227 fa-

207 1244 534 1345 ta-(instar
555 1255 921 1331 Parcarum)
943 1246 1232 1319 ducentis
1249 1268 1328 1318 ex
1350 1247 1525 1319 colo.
1560 1251 1665 1318 Ac
1685 1271 1828 1319 cum
1845 1246 1981 1322 haec
1998 1251 2260 1350 impen-

205 1343 335 1417 {ius
356 1346 661 1432 mirarer„
695 1347 1016 1444 increpuit
1032 1343 1267 1418 ostium
1302 1344 1558 1424 leniter,
1575 1366 1643 1416 ut
1660 1345 2019 1435 videbatur,
2060 1352 2257 1453 digiti

203 1445 498 1520 articulo
527 1464 872 1517 tentat-um⁴
922 1448 1075 1517 Nec
1092 1468 1299 1527 mora,
1317 1438 1532 1514 nescio
1547 1444 1686 1543 quis
1701 1445 1905 1538 linteo
1923 1449 2259 1545 putiffimo

203 1542 610 1641 praecinffits
628 1590 654 1626 ‚
692 1542 770 1613 ad
789 1542 1118 1640 Aquilium
1134 1541 1394 1612 intravit
1409 1585 1433 1623 ‚
1466 1543 1755 1642 vitroque
1772 1545 2099 1643 purissimo
2113 1551 2255 1622 exi-

213 1664 438 1741 guum
452 1640 774 1737 liquorem
792 1638 1162 1711 hilariffima
1175 1634 1386 1710 fronte
1402 1637 1709 1714 ostendit.
1744 1646 2062 1743 Aquilius,
2082 1652 2266 1747 quic·
2329 1650 2337 1659 ’

209 1736 391 1839 quid
404 1757 541 1809 erat
559 1782 587 1818 ‚
617 1738 867 1836 crepitu
897 1762 1192 1810 manuum
1207 1738 1569 1810 collaudans
1588 1741 1945 1814 examinare
1962 1768 2068 1816 coe
2121 1751 2169 1818 it
2188 1748 2270 1820 ad

208 1838 446 1910 lucem
465 1882 489 1918 ‚
529 1842 600 1909 δε
615 1862 761 1911 cum
779 1837 1044 1909 homine
1064 1832 1413 1910 suaviffime
1431 1838 1607 1936 loqui
1627 1884 1653 1919 ‚
1693 1864 1836 1913 cum
1859 1840 1896 1912 ai
1914 1773 2270 1917 Trifi'rtito

206 1960 626 2036 quererem..
655 1928 946 2035 quisna‘m
980 1931 1134 2008 effer
1152 1955 1282 2008 tam
1300 1935 1555 2008 illustris
1578 1933 2018 2013 familiaritatis
2041 1941 2274 2016 homo?

200 2035 569 2115 Hebraeus,
586 2036 821 2134 inquit,
841 2061 974 2132 quo
987 2059 1190 2106 nemo
1202 2035 1534 2132 gratiosior
1546 2038 1613 2107 in
1633 2039 1808 2136 regia
1823 2040 2003 2112 vivit.
2042 2112 2056 2125 ‚

316 2139 496 2210 Haec
534 2134 792 2205 dicente
826 2132 1181 2208 Trifartito
1194 2180 1221 2216 ‚
1257 2135 1551 2234 Aquilius
1573 2159 1722 2206 cum
1756 2137 2041 2211 Hebraeo
2061 2138 2269 2214 thala-

211 2259 411 2308 mum
443 2231 715 2334 egressus
736 2282 763 2320 ‚
792 2226 1228 2306 eontulitsein
1247 2231 1646 2307 scientiarum
1663 2235 2000 2311 amabilem
2017 2241 2263 2326 locum3

213 2334 334 2407 ubi
374 2335 734 2432 complures
767 2329 1121 2407 fornaculas
1156 2332 1329 2414 vidi,
1367 2357 1441 2406 ac
1476 2337 1672 2408 vitm
1688 2360 1758 2407 ac
1776 2362 1839 2407 ar
1884 2360 2073 2410 entea
2092 2337 2259 2427 vasa,
2312 2362 2318 2369 ·

212 2459 369 2535 quat
393 2432 693 2505 humores
713 2435 780 2505 in
801 2436 997 2519 altum
1016 2454 1323 2506 evocatos
1343 2458 1460 2531 pet
1471 2434 1759 2532 obliquas
1782 2435 1823 2506 fi
1854 2437 2016 2507 iulas
2033 2438 2267 2511 redde-

212 2532 405 2606 bant.
459 2531 766 2603 Artifices
783 2558 936 2604 vero
953 2542 1018 2607 &
1039 2528 1398 2604 soculorum
1416 2532 1683 2604 ministri
1695 2581 1720 2613 ,
1760 2558 1899 2628 pars
1916 2533 2262 2606 versicolo-

217 2631 400 2706 ribus
419 2693 423 2697 <
439 2629 710 2730 pellibus
745 2632 1073 2730 praecinsti
1090 2680 1116 2716 ‚
1148 2655 1457 2729 acapnum
1496 2631 1573 2703 ad
1585 2630 1840 2727 pondus
1856 2632 2262 2730 ingerebant.

220 2754 377 2829 pars
394 2732 522 2801 vim
539 2730 863 2826 liquorum
880 2733 1258 2816 viventium,
1276 2755 1437 2828 quos
1454 2730 1624 2829 ignis
1644 2755 1723 2802 ex
1745 2726 2006 2804 vasculis
2021 2755 2259 2833 exege-

191 2888 196 2893 .
216 2827 654 2928 rat‚diligenti
667 2830 1141 2901 examinatione
1157 2829 1541 2926 pendebant.
1564 2834 1859 2907 Omnem
1877 2833 2092 2932 operis
2111 2857 2257 2931 par-

221 2950 366 3002 tem
387 2923 685 3027 frequens
699 2926 993 3001 sedulitas
1011 2928 1346 3026 implebat.
1846 2988 1857 3004 ,

326 3028 710 3101 Βεὶεᾶιωε
728 3049 858 3102 tam
875 3026 1052 3101 fideli
1070 3028 1290 3100 labore
1312 3026 2024 3129 Aquiliusdiffufiffima
2040 3024 2259 3101 fronte

283 3126 568 3202 audebat.
625 3134 718 3200 At
748 3153 832 3200 ne
865 3129 1128 3228 quidem
1166 3153 1292 3227 ego
1308 3127 1745 3226 pulcherrimae
1764 3127 2255 3213 artis9rdinem‚

226 3153 371 3301 fine
387 3228 588 3324 aliqua
605 3229 935 3327 voluptate
953 3274 978 3307 ‚
998 3226 1377 3326 aspiciebam
1400 3256 1423 3312 3
1461 3252 1605 3298 cum
1629 3227 1924 3324 Aquilius
1941 3219 2257 3300 vasculum

225 3322 529 3424 deposuit
543 3328 620 3400 de
638 3324 855 3399 foculo
872 3377 899 3413 ‚
935 3332 1000 3398 &
1019 3372 1042 3407 ‚
1071 3328 1202 3401 Hic
1221 3372 1244 3407 ‚
1281 3326 1518 3423 inquit,
1538 3322 1988 3395 commendata
2006 3321 2098 3396 est
2116 3321 2256 3424 spes

217 3426 546 3526 praecipua
579 3426 871 3499 laborum
910 3451 1200 3499 meorum
1239 3433 1302 3497 δι
1326 3419 1725 3494 nobiliffimae
1746 3415 2062 3520 fastigium
2080 3427 2256 3499 artis.

225 3530 398 3599 Haec
434 3527 764 3600 dicentem
800 3524 1040 3597 lubrica
1071 3525 1333 3597 materia
1361 3521 1543 3593 elusit
1562 3567 1585 3602 ‚
1622 3524 1786 3618 (erat
1821 3522 1995 3593 enim
2028 3523 2254 3608 vitrea)

227 3631 305 3696 δι
359 3624 438 3694 ab
468 3627 737 3699 incautis
778 3626 1069 3698 manibus
1104 3625 1324 3694 labens
1358 3679 1381 3705 ,
1435 3615 1716 3691 nefando
1750 3623 1816 3691 in
1854 3642 2088 3697 terram
2127 3625 2261 3696 ictu

221 3719 443 3798 secum
479 3727 812 3828 Aquilium
846 3732 916 3799 δι
953 3718 1408 3801 nobilissimam
1442 3742 1644 3793 artem
1674 3720 1920 3797 afflixit.
2000 3807 2021 3831 g

2145 3812 2272 3912 Q⁵
