2738 4475
379 193 578 283 '284
944 175 1454 266 Eu'pnonu.
1504 193 1989 264 SATYchr

415 317 592 390 tibus
644 311 1015 390 ostendunt.
1086 321 1550 389 Armentorum
1584 335 1773 414 atque
1804 341 2079 418 gregum
2113 335 2290 391 tanta
2323 318 2475 394 sie-S

415 414 725 517 quentia,
763 436 834 488 ut
865 418 959 489 ibi
991 419 1320 516 Geryonis
1354 440 1429 486 ac
1469 414 1943 488 Atlantidarum
1959 414 2192 489 fabulas
2213 445 2461 517 ponere

413 515 639 615 poffis.
694 516 964 589 Flumen
1000 539 1137 589 erat
1159 566 1183 603 ‚
1221 516 1400 611 cujus
1431 516 1680 586 alveum
1715 536 2022 616 perpetua
2038 515 2254 590 semita
2271 518 2460 610 strin-

413 612 724 715 gebamus
741 660 763 696 ,
782 616 1324 716 reciprocantibus
1342 613 1527 686 undis
1549 613 1744 687 statos
1766 615 1974 688 cursus
1995 617 2267 691 mirabili
2283 645 2470 695 com-

416 712 733 788 moditate
756 712 1142 789 refleRenst
1180 723 1244 788 &
1271 712 1498 813 passim
1520 714 1782 815 quidem
1799 716 2174 815 ingentibus
2192 720 2469 834 navigiis

414 809 681 887 stratum
721 835 859 887 erat
889 865 915 905 ,
960 813 1207 913 scaphis
1240 836 1455 887 autem
1495 810 1809 914 remisque
1850 835 1980 888 tam
2016 818 2470 917 multipliciter

413 910 861 999 evertebatur,
921 921 942 959 ¹
965 935 1036 987 ut
1069 939 1394 1014 nunquam
1431 914 1637 1014 magis
1679 919 1916 987 Xerxes
1952 914 2466 1016 Hellespontum

411 1011 822 1112 oppresserit.

299 1144 391 1222 32
533 1115 687 1212 Ego
721 1107 1099 1186 felicitatem
1135 1112 1417 1214 regionis
1460 1110 1855 1194 admirabar,
1897 1122 1963 1188 &
2004 1112 2341 1188 adorabam
2377 1112 2464 1185 fi-

411 1210 725 1286 millimos
777 1210 1052 1285 Lufiniae
1108 1238 1396 1310 campos.
1471 1212 1600 1286 Sed
1656 1214 1927 1308 populus
1963 1259 1986 1295 ‚
2057 1236 2132 1289 ut
2177 1216 2454 1311 plerum·

404 1333 535 1411 que
568 1308 678 1395 fit,
721 1311 921 1383 nimia
957 1308 1211 1385 fortuna
1226 1309 1542 1412 saginatus
1564 1356 1586 1392 ,
1622 1308 1912 1382 stimulos
1936 1310 2277 1412 ingeniosa·
2298 1336 2458 1409 pau-

463 1410 682 1483 ertatis
717 1410 787 1482 iu
818 1407 1155 1511 superbum
1186 1414 1396 1485 otium
1433 1431 1807 1486 mutaverat.
1864 1410 2451 1512 Praecipueexterni

414 1435 672 1583 fastidio
700 1533 991 1598 eramus,
1030 1520 1099 1588 δε
1139 1512 1252 1585 nifi
1294 1538 1373 1586 ex
1413 1512 1772 1587 Catharino
1804 1511 2287 1613 cognoviffem‚
2321 1530 2456 1583 tam

415 1608 717 1683 rusticum
750 1611 996 1684 crimen
1012 1631 1261 1687 tantum
1279 1613 1346 1685 in
1368 1612 1695 1686 vilioribus
1718 1612 1953 1685 haerere
1970 1659 1992 1694 ‚
2039 1613 2171 1704 jam
2187 1609 2465 1710 incipie-

417 1707 566 1782 bam
605 1706 873 1784 aversari
891 1712 1455 1786 Scolimorrhodiae
1474 1708 1688 1784 fastus.
1741 1713 1939 1783 Certe
1958 1709 2468 1808 quotiescunque

417 1805 498 1880 ad
518 1832 853 1909 magnates
868 1810 1243 1886 divertimus
1263 1811 1682 1903 3etiam1neae
1705 1808 1971 1880 Luliniae
1989 1808 2466 1881 humanitatem

420 1905 748 1982 damnavi.
1599 1915 1607 1923 ’

521 2005 896 2080 Lautiffima
926 2003 1207 2099 supellex
1226 2050 1248 2083 ,
1288 1997 1577 2094 &ipsum
1598 2000 2033 2097 pavimentum
2057 1998 2458 2095 quotidianis

410 2103 776 2199 laevigatum
828 2098 1146 2170 laboribus
1184 2146 1206 2180 ‚
1257 2098 1618 2196 hortulique
1653 2123 1766 2197 per
1800 2098 2156 2196 plantarum
2186 2096 2454 2195 ingenia

412 2194 736 2294 dispofiti,
774 2193 959 2268 feffos
974 2196 1292 2269 erroribus
1307 2196 1525 2268 oculos
1547 2195 1897 2273 suaviffimc
1916 2195 2247 2267 levabant.
2305 2202 2338 2268 1
2392 2194 2459 2271 sa

409 2296 734 2394 colloquia
770 2320 875 2368 ma
922 2317 1143 2368 natum
1176 2345 1199 2380 ‚
1252 2302 1318 2368 δε
1358 2297 1711 2394 puellarum
1749 2295 2108 2369 humanitas
2146 2342 2170 2378 ,
2227 2221 2455 2368 neseio

405 2395 566 2497 quid
604 2321 925 2495 mihiiplg
945 2397 1127 2468 coelo
1146 2394 1390 2468 felicius
1407 2396 1774 2470 videbaturt
1828 2417 1967 2467 tum
1985 2396 2460 2467 conviviaom-

405 2498 478 2570 ni
496 2494 827 2594 opulentia
844 2497 1087 2593 repleta
1105 2551 1123 2578 ,
1148 2491 1504 2595 mensaeque
1522 2490 1905 2568 ferculorum
1927 2496 2105 2566 mole
2127 2493 2456 2594 depress'ae:

411 2594 749 2668 thororum
781 2593 1015 2668 deinde
1050 2616 1385 2693 apparatus
1410 2640 1433 2674 ‚
1469 2597 1799 2668 &exafia
1835 2596 1899 2666 in
1933 2594 2235 2667 omnibus
2274 2620 2460 2668 mun-

412 2693 613 2766 dicies
637 2748 658 2777 ,
719 2695 1006 2768 animum
1038 2720 1255 2769 meum
1277 2741 1300 2780 ,
1339 2697 1536 2766 etiam
1553 2693 1910 2768 Themistii
1943 2695 2276 2777 vaticinia,
2313 2717 2461 2793 per-

311 2790 320 2803 *
419 2791 793 2869 mulserunt.
1085 2878 1088 2881 ¹

509 2892 640 2965 Sed
660 2891 1076 2990 posteaquam·
1091 2891 1171 2963 ad
1196 2890 1631 2966 Tessaranaffi
1649 2891 2052 2993 pervenimus
2071 2889 2246 2962 sedes
2264 2937 2289 2972 ‚
2312 2891 2447 2990 pri-

412 3017 592 3067 mum
642 2988 905 3091 quidem
939 2986 1303 3091 religiosam
1340 2991 1739 3086 majestatem
1776 2989 2286 3091 frequentiffimae
2330 2989 2456 3060 do-

413 3114 600 3176 mus,
641 3110 744 3163 tot
779 3092 1483 3176 tricliniorum-cultus,
1525 3112 1627 3164 tot
1667 3093 1822 3163 atria
1839 3087 2217 3163 famulorum
2235 3086 2458 3188 splen-

414 3190 572 3263 dore
611 3190 958 3273 vibrantia‚
999 3191 1194 3263 eti-am
1229 3191 1419 3290 paulo
1434 3191 1727 3292 digniora
1744 3189 2023 3274 credidi,
2054 3198 2254 3289 ‘quam
2274 3210 2345 3261 ut
2360 3189 2457 3264 ibi

2266 3291 2455 3387 Jupi-

483 3496 506 3533 r
545 3483 608 3531 Ue
633 3501 848 3551 nunqnam
873 3482 1014 3553 magr}
1038 3489 1219 3535 Xerxes
1250 3481 1400 3534 Helle·
1424 3504 1431 3553 ς
1456 3481 1718 3552 operuisse,
1744 3500 1799 3538 nt
1813 3497 1961 3554 ponte
1971 3498 2080 3534 mm
2096 3480 2291 3533 navibus
2305 3477 2453 3531 fabri-

412 3548 606 3620 ,qom-
651 3554 909 3618 oppreffm'e.
937 3556 959 3617 ]
1010 3557 1156 3604 Notat
1196 3554 1394 3631 Corucl.
1455 3565 1563 3604 cato
1593 3552 1685 3621 ipsc
1713 3558 1926 3618 trajicere
1941 3568 2048 3632 cum
2061 3552 2207 3631 copiis
2224 3549 2448 3617 potuerit,

409 3650 605 3741 κακαί
632 3618 1394 3757 ἱὲῗωξοῗὲρὲᾷἓίἶ“ςῗεῗῖἒιῗέἑ“ἑῗ
1451 3634 2229 3763 Ἶέῗιέῗᾶηῗὶἓξῖἔῑῗίῗωω
2253 3634 2286 3668 ⁰

409 3751 763 3827 Hellespontum
801 3769 941 3808 tauto
971 3760 1162 3810 navium
1194 3772 1427 3836 numero,

2219 3821 2439 3887 ιφ·-
