2738 4475
436 189 573 286 146
954 190 1452 269 Evaunum.
1500 190 1995 265 Sti-ritaret

439 318 668 392 Meam
685 314 931 389 eausam
944 343 1165 395 eorum
1186 320 1441 395 sarcinae
1463 342 1657 422 agent
1677 368 1698 402 ,
1737 320 1981 421 ipsique
2020 335 2317 417 praeterea
2347 315 2488 388 bo·-

417 471 424 481 .
445 412 681 514 spites,
716 417 761 487 fi
782 420 1132 515 expectatis
1150 468 1174 502 ‚
1210 425 1363 492 dum
1385 425 1420 492 a
1437 422 1716 521 negotiis
1737 420 1813 490 ad
1833 419 2164 518 prandium
2182 416 2478 489 redeunt.

551 519 725 587 Cum
742 538 875 588 tam
895 517 1531 592 indubitatisindiciis
1547 545 1797 620 agerem
1819 567 1843 604 ‚
1883 539 2310 618 cogeremque
2351 514 2475 585 ada·

409 696 417 703 ,
445 613 784 703 νει-[αι’ἰμηι
802 641 1082 713 quaerere
1102 622 1279 719 quod
1293 621 1537 712 diceret
1554 677 1574 705 ,
1608 640 1928 690 mutatum
1963 617 2137 715 vulgi
2173 613 2474 696 studium,

442 716 924 786 &innocentiae
945 743 1102 789 meae
1125 718 1303 790 favor
1325 745 1509 816 paene
1528 726 1883 816 cauponem
1910 718 2140 788 evertit
2162 741 2180 784 e
2237 737 2384 782 cum
2418 712 2477 780 is
2521 781 2532 790 ,

444 814 740 884 omnium
774 815 1022 885 clamor
1054 817 1242 900 effen.
1298 818 1632 890 hominem
1666 840 1938 916 nequam
1978 821 2043 884 δι
2083 836 2226 884 arte,
2258 809 2357 882 sua
2380 810 2486 880 di·
2530 831 2537 836 ·

446 935 689 1009 gnum,
734 937 865 982 non
901 912 1151 987 sceleris
1185 916 1384 988 modo
1403 912 1709 1016 gnarum,
1745 913 2000 1016 quodin
2017 936 2122 983 me
2143 958 2167 994 ‚
2196 905 2484 1008 quisquis

442 1030 579 1079 erat
597 1065 619 1092 ‚
659 1011 770 1091 ille
806 1015 1026 1110 planus
1066 1013 1394 1114 cogitasset
1414 1071 1431 1098 ,
1473 1015 1578 1086 sed
1615 1016 1811 1089 etiam
1830 1013 2050 1113 praedae
2071 1012 2487 1109 participem,

442 1132 558 1204 per
574 1107 909 1207 indignam
924 1113 1198 1191 advenae>
1223 1115 1650 1186 calamitatem
1684 1115 1920 1212 augeri.
1970 1116 2480 1205 Receptatorem

436 1207 854 1293 latronum,&
877 1212 1024 1307 ipsis
1046 1216 1336 1308 pejorem
1353 1212 1806 1313 aggress'oribns
1828 1213 1903 1284 ad
1920 1212 2236 1310 publicum
2258 1228 2488 1276 exem-

435 1304 621 1402 plum
648 1306 956 1408 castigari
972 1311 1243 1405 debere..
1291 1318 1481 1384 Nihil
1525 1317 1682 1385 mihi
1724 1337 1994 1409 unquam
2011 1311 2128 1381 illo
2143 1304 2477 1400 jucundius

437 1404 659 1475 extitit
682 1431 703 1487 ς
735 1410 1039 1507 quoniam
1060 1437 1189 1503 non
1201 1412 1474 1484 -de'era'nt
1491 1460 1514 1498 ,
1533 1419 1641 1512 qui
1657 1411 2068 1484 vinciendum
2089 1421 2483 1503 cauponem,

438 1527 513 1574 ac
537 1502 908 1590 servandum
930 1509 1243 1584 dicerent.
1274 1513 1403 1585 Sed
1419 1513 1579 1585 nihil
1601 1511 1794 1586 fiebat
1809 1511 2069 1590 tardius,
2091 1531 2283 1606 quam
2303 1500 2492 1603 quod-

437 1626 670 1675 omnes
694 1606 1113 1703 imperabant.
1163 1615 1402 1687 Nullus
1422 1614 1753 1709 injiciebat
1772 1634 2030 1685 manum
2050 1657 2071 1688 ,
2088 1625 2209 1677 ‘aut
2226 1627 2346 1702 pro
2363 1603 2493 1673 im·

436 1704 712 1799 perioin'
723 1707 1072 1781 custodiam
1091 1709 1265 1811 sequi
1281 1712 1560 1804 jubebat.
1618 1719 1798 1786 Nam
1818 1713 2078 1781 liaores
2096 1755 2120 1789 ,
2172 1726 2241 1775 ut
2262 1701 2373 1803 qui
2392 1703 2497 1773 lu·
2523 1727 2532 1734 ·

439 1827 621 1875 crum
636 1814 968 1903 captarent
984 1868 1004 1896 ,
1046 1836 1166 1884 nec
1190 1812 1522 1882 hominem
1544 1810 1854 1882 tenebant
1869 1857 1894 1892 ,
1935 1806 2236 1902 quoniam
2258 1799 2484 1897 postea

439 1901 686 1990 dimitti
709 1932 840 1978 non
861 1931 1108 2005 poterat
1125 1934 1285 1995 gnec
1305 1909 1529 1978 abituri
1550 1929 1729 1978 erant
1748 1950 1770 1983 ‚
1793 1904 1906 1973 nifi
1924 1902 2173 1972 sceleris
2196 1899 2480 1994 pretium

436 1997 626 2095 supra
658 2003 940 2075 debitam
974 2006 1137 2095 justi.
1156 2006 1354 2077 officii
1373 2002 1734 2074 mercedem
1751 2000 2195 2096 duplicaretur.
2250 2001 2348 2062 At
2368 1993 2485 2063 di-·

436 2097 703 2169 verfitor
719 2147 750 2183 ‚‹
776 2099 1033 2170 seducto
1048 2124 1126 2171 ex
1148 2100 1478 2173 lictoribus
1494 2099 1783 2197 principe
1800 2142 1821 2177 ‚
1846 2093 2257 2196 quadraginta
2277 2090 2483 2162 dena-

435 2193 568 2266 rios
595 2195 663 2265 in
699 2195 976 2296 singulos
1011 2198 1311 2271 li6torum
1330 2252 1351 2282 ‚
1404 2200 1515 2296 qui
1529 2194 1808 2270 adeffent
1825 2242 1848 2276 ‚
1900 2214 2305 2290 erogaturum
2325 2214 2484 2287 pro-

432 2290 604 2367 mifit
637 2313 811 2365 tanta
831 2292 1176 2369 subtilitate
1194 2344 1219 2381 ‚
1269 2321 1339 2369 ut
1357 2321 1554 2368 nemo
1568 2295 1950 2375 adverterit,
1998 2292 2112 2362 nifi
2148 2314 2264 2390 per
2293 2289 2477 2360 simi-

433 2392 569 2464 lem
610 2396 921 2466 malitiam
958 2396 1206 2468 doetus.
1264 2396 1624 2494 Incipiebat
1659 2393 1822 2467 mibi
1858 2392 1979 2466 efl'e
1997 2387 2281 2488 suspecta
2302 2387 2469 2460 lenti

433 2488 732 2593 supplicii
755 2521 934 2567 mora
950 2545 974 2581 ‚
1024 2502 1174 2567 cum
1189 2497 1380 2567 lifimr
1394 2545 1420 2580 ,
1456 2496 1631 2587 cujus
1646 2494 1894 2565 venalis
1913 2490 2070 2563 fides
2089 2488 2477 2560 condu&am

438 2617 706 2691 operam
727 2619 857 2691 prae
866 2594 1099 2681 stabat.
1133 2598 1367 2667 vanum
1383 2592 1507 2666 effe
1522 2595 1603 2667 de
1621 2618 1752 2692 quo
1769 2590 2227 2690 disputaremus
2247 2586 2335 2656 ait
2353 2614 2373 2656 ε
2412 2582 2485 2656 id

385 2700 388 2704 ’
437 2688 647 2766 solum
669 2696 864 2792 quaeri
883 2740 907 2775 ‚
949 2719 1102 2768 num
1122 2692 1355 2767 adeffet
1374 2694 1483 2793 qui
1503 2718 1610 2770 me
1627 2691 1988 2764 adulteratis
2005 2685 2285 2785 gemmis
2301 2683 2489 2756 delu-

439 2788 651 2862 [ει-ετξ
679 2795 1027 2867 Scrutanda
1065 2793 1320 2892 penitus
1344 2793 1574 2866 'omnia
1592 2838 1615 2874 ‚
1651 2816 1772 2863 nec
1803 2785 2204 2861 abditiffimis
2248 2784 2485 2855 domus

438 2889 700 2963 latebris
725 2893 848 2965 efl'e
870 2890 1279 2992 parcendum.
1333 2899 1516 2965 Tum
1534 2891 1757 2989 irrupit
1777 2890 1843 2961 in
1861 2887 2025 2961 aedes
2049 2931 2073 2967 ‚
2113 2891 2178 2957 δε
2214 2880 2488 2954 stabula-

437 2992 541 3063 tio
559 2992 941 3093 nequiffimo
963 2991 1058 3081 (id
1080 2991 1255 3092 quod
1273 2991 1676 3073 moliebatur)
1695 2985 2043 3087 effugiendi
2064 2986 2274 3054 locum
2294 2976 2473 3055 fecit.

435 3094 713 3165 Interim
737 3094 817 3165 ad
834 3094 1096 3192 negotia
1114 3092 1385 3188 populus
1402 3088 1751 3161 deflexerat
1766 3133 1788 3166 ‚
1838 3095 1906 3159 &
1929 3085 2082 3155 utin
2102 3080 2479 3154 tumultibus

436 3188 604 3262 solet
624 3235 647 3271 2
680 3196 970 3265 omnium
999 3193 1277 3288 impetus
1308 3193 1377 3261 in
1394 3186 1817 3287 turpiffinnum
1836 3187 2211 3277 languorem
2227 3177 2486 3252 desine-

438 3286 548 3359 bat
564 3316 588 3357 t
627 3314 774 3362 cum
798 3291 960 3362 solus
982 3338 1009 3375 ,
1043 3297 1109 3361 &
1132 3287 1363 3361 invisus
1383 3338 1407 3373 ,
1440 3288 1518 3358 ad
1537 3285 1902 3358 sceleratum
1921 3286 2123 3351 limen
2141 3278 2481 3365 adstarem,

333 3381 340 3387 ⁴
439 3395 511 3461 &
540 3385 800 3461 liCtores
833 3392 1054 3461 omnia
1072 3386 1526 3487 permiscerent
1544 3386 1608 3455 in
1627 3383 1861 3456 aedibus
1881 3378 2178 3452 affetfflta
2197 3380 2478 3477 diligen-

438 3489 527 3558 tia
544 3545 567 3573 ,
598 3489 749 3587 quae
769 3516 900 3592 quo
917 3513 1048 3562 erat
1069 3483 1279 3562 falfior
1296 3536 1317 3567 ,
1336 3512 1418 3557 eo
1437 3483 1783 3557 struebatur
1802 3479 2112 3553 solertim.
2167 3483 2476 3574 Cumque

436 3586 692 3659 inanem
708 3593 814 3662 diu
835 3588 1117 3663 laborem
1139 3584 1458 3659 finxissent
1475 3633 1498 3671 ‚
1533 3582 1791 3655 tandem
1811 3580 2114 3654 nunciant
2131 3576 2335 3649 abeffe
2355 3575 2491 3646 Ιιο-;
2597 3581 2608 3590 ’

380 3783 382 3788 ,
435 3686 731 3795 minema
771 3698 886 3775 δι,
926 3688 972 3764 fi
1008 3688 1163 3791 quid
1194 3689 1265 3762 in
1300 3708 1663 3808 cauponem
1677 3679 2026 3786 haberem,
2074 3675 2479 3868 magistffffu:
