2738 4475
924 275 1682 345 PARSIV.
1961 275 1964 276 ⁷
2195 298 2330 382 379

289 419 571 497 pugnare
591 391 731 465 suos
748 389 946 486 'jnffit3
966 393 1175 466 donec
1194 392 1694 466 noxiofiffimam
1718 391 2199 466 aemulationem
2217 398 2339 472 fata

286 498 708 570 damnaruntz
763 518 933 565 nunc
985 492 1265 594 utrisque
1318 491 1626 592 imposito
1650 495 1840 592 Rege
1857 547 1880 578 ,
1917 495 2099 588 cujus
2124 491 2340 592 spiritu

286 591 499 672 Insula
518 598 587 666 in
606 619 803 666 unum
822 597 1176 692 Imperium
1198 595 1452 664 coaluit.

392 706 411 736 ¹
437 697 677 794 Anglia
695 689 985 764 felicibus
1009 693 1277 793 pascuis,
1299 701 1363 766 δι
1387 693 1464 765 ad
1489 695 1715 766 multas
1736 689 2063 792 variasque
2082 691 2340 767 arbores

295 795 642 868 commoda
658 794 855 866 humo
876 845 901 881 ,
939 797 1446 866 commeantium
1482 798 1701 865 oculos
1739 793 2171 893 pulcherrima
2195 799 2346 868 viri-

292 896 496 966 ditate
511 896 742 965 mulcet
763 923 780 966 ι
806 895 1099 994 gratuitis
1121 895 1316 966 etiam
1339 892 1527 965 bonis
1547 893 1749 989 plebis
1768 895 2018 966 animos
2040 895 2107 966 in
2124 894 2341 995 segni-

299 995 467 1065 ciem
501 992 855 1088 exsolvensf
925 994 1229 1065 Pabulum
1262 993 1400 1064 illic
1439 992 1664 1094 passim
1706 993 2042 1092 pinguibus
2086 999 2337 1094 campis
2392 1041 2409 1059 .

292 1092 564 1164 abundat
580 1149 598 1175 ,
641 1095 841 1165 boum
883 1115 1318 1193 equorumque
1357 1114 1645 1166 armenta
1682 1094 1757 1162 ad
1779 1115 2147 1191 perpetuam
2167 1094 2338 1188 ejus-

289 1191 469 1264 modi
488 1195 860 1266 animalium
883 1194 1252 1267 aviditatem
1269 1195 1582 1292 explens:
1637 1190 1789 1263 alibi
1824 1215 2036 1265 autem
2056 1194 2340 1266 sicciori-

284 1290 402 1363 bus
436 1294 601 1367 arvis
619 1343 642 1379 ‚
679 1302 745 1368 δι
767 1294 994 1367 humili
1009 1293 1303 1394 gramine
1320 1292 1727 1364 induentibus
1746 1315 1978 1364 terram
1998 1340 2020 1373 ‚
2053 1293 2236 1391 super
2254 1293 2338 1366 fi·

286 1391 439 1464 dem
478 1395 719 1466 multos
755 1420 986 1493 greges
1022 1396 1252 1466 educat
1272 1440 1297 1475 ,
1349 1389 1728 1490 excusatque
1743 1391 2137 1466 utiliffimam
2163 1403 2228 1466 &
2256 1394 2338 1467 ad

276 1493 478 1563 ovilia
493 1489 733 1562 saetam
751 1494 1173 1563 sterilitatem.
1230 1495 1349 1566 Ne
1368 1491 1615 1590 hyemis
1632 1493 1891 1592 quidem
1907 1493 2087 1592 rigor
2102 1491 2338 1568 affueta

289 1591 504 1661 libero
540 1589 675 1659 ae‘ri
708 1612 940 1686 pecora
977 1589 1125 1674 (nisi
1158 1586 1329 1661 forte
1349 1587 1528 1688 supra
1548 1618 1790 1664 morem
1811 1591 2229 1686 inhorruerit)
2266 1594 2339 1663 in

295 1686 662 1758 stabulaaut
682 1689 879 1760 ovilia
892 1686 1169 1761 deducit.
1241 1690 1331 1760 lis
1369 1686 1654 1763 sufficere
1688 1689 1899 1763 solent
1922 1692 2090 1763 nuda
2103 1689 2340 1763 subdio

296 1785 533 1862 cubilia
548 1834 572 1870 ,
606 1784 949 1887 herbaeque
965 1813 1121 1885 quas
1137 1787 1454 1887 hybernus
1478 1812 1669 1888 tepor
1682 1791 1815 1861 alit.
1897 1792 2162 1887 Qippe
2182 1792 2344 1888 hye-

294 1909 438 1956 mes
456 1910 588 1955 non
606 1887 742 1957 illic
763 1911 879 1981 pro
897 1889 1082 1989 plaga
1099 1898 1165 1962 δι
1188 1892 1666 1989 Septentrionis
1684 1889 1919 1961 vicinia
1937 1885 2012 1958 as
2003 1914 2344 1986 pe1ae‚cum

244 2014 253 2017 ·
290 1983 713 2056 vehementer
728 1988 1058 2058 Gallicam
1078 2014 1255 2060 oram
1276 1991 1591 2088 quatiant,
1616 2014 1737 2088 qua
1757 1989 2109 2061 Britanniae
2130 1990 2348 2062 adver-

281 2080 346 2155 sa
360 2082 455 2155 est
475 2129 497 2165 ‚
521 2086 856 2181 multoque
874 2087 1143 2184 rigidius
1166 2094 1551 2162 Batavorum
1570 2091 1750 2160 coelo
1766 2086 2099 2160 incubent.

268 2223 273 2228 ’
380 2190 459 2256 In
493 2203 669 2254 tanta
696 2185 863 2257 a'e'ris
881 2187 1286 2286 indulgentia
1306 2189 1708 2260 Britannicus
1729 2211 1885 2287 ager
1900 2189 2115 2259 omnis
2134 2210 2336 2286 gene·

285 2282 371 2355 tis
388 2280 622 2354 semina
643 2280 833 2358 facile
853 2289 1145 2385 concipit
1167 2307 1358 2386 atque
1378 2285 1596 2360 servat.
1656 2296 1957 2360 Procerus
1982 2286 2172 2358 habet
2195 2290 2336 2359 lau·-

285 2407 391 2453 ros
410 2413 429 2457 t
466 2380 889 2457 Rorismarini
909 2387 1128 2485 planta
1145 2433 1169 2468 ‚
1209 2387 1374 2484 apud
1405 2388 1631 2459 multas
1649 2410 1877 2486 gentes
1897 2384 2031 2482 ipsa
2047 2411 2192 2456 cura
2210 2411 2336 2483 qua

285 2481 585 2554 educatur
608 2481 926 2577 preciosa,
959 2485 1066 2555 hic
1101 2488 1379 2587 vulgaris
1400 2533 1422 2566 ,
1462 2495 1529 2558 δι
1564 2509 2051 2582 nonnumquam
2068 2487 2136 2554 in
2155 2481 2340 2579 sepes

292 2582 468 2649 velut
486 2580 564 2649 ad
584 2578 920 2654 hortorum
939 2583 1289 2657 custodiam
1310 2585 1558 2682 stipata.
1633 2591 1694 2657 V
1708 2586 1866 2654 item
1903 2583 2070 2651 alere
2104 2580 2338 2681 potest,

297 2676 572 2774 uvasque
597 2676 678 2746 ad
697 2683 1128 2753 maturitatem
1226 2684 1512 2756 rducere.
1550 2686 1571 2715 ²
1596 2688 1774 2756 Nam
1795 2691 1860 2753 δι
1888 2681 2113 2753 Cantii
2133 2706 2341 2753 amo:-

299 2776 465 2846 nitas
486 2773 713 2846 crebro
731 2781 995 2854 collium
1011 2781 1123 2853 dor
1156 2810 1196 2855 o
1214 2780 1530 2884 suspensa,
1556 2788 1621 2855 &
1647 2778 2112 2860 Wintonienfis
2133 2785 2346 2879 regio,

2185 2908 2337 2954 cum

323 3028 329 3033 ’
361 3037 387 3075 1
424 3020 1157 3093 Angliaeselt'ct‘bntpaestaeh,<9·c.]
1183 3026 1281 3077 Bri·
1336 3024 1503 3079 enaim
1535 3025 1653 3093 dors?
1671 3028 1868 3096 ficspense'r
1897 3060 1913 3083 ,
1948 3029 2014 3081 (9⁹
2043 3023 2344 3087 Wnronffenfit

284 3095 503 3142 ranulam
529 3090 758 3143 omnibus
784 3095 894 3144 coeli
922 3108 976 3143 ac
1017 3091 1105 3145 soli
1148 3094 1286 3147 bonis
1339 3099 1633 3165 regio,&c.]
1670 3097 1901 3147 Cantium
1930 3094 2054 3143 aliud
2083 3092 2146 3142 est
2163 3093 2344 3157 Angliae
2369 3146 2375 3153 ⁴

288 3176 458 3239 natura
477 3160 674 3239 donavit
688 3193 711 3220 ,
725 3162 775 3211 in
789 3177 881 3280 aua
896 3178 982 3213 nec
993 3164 1120 3232 rigor
1132 3164 1197 3215 est
1213 3166 1288 3216 ni-
1340 3167 1723 3232 promontorium
1740 3161 2042 3213 occidentale
2057 3192 2071 3213 .
2123 3158 2345 3211 Straboni

287 3245 415 3279 mins
430 3228 629 3294 hyemm.
644 3243 728 3278 nec
739 3244 788 3279 ar

284 3294 494 3364 segetum
506 3309 640 3346 tanta
652 3295 935 3350 foecunditas
949 3333 971 3360 ‚
1001 3314 1055 3351 ur
1083 3303 1290 3352 muneri-
1346 3302 1583 3351 maritima
1596 3312 1760 3367 contra
1777 3297 1982 3347 Galliam
1998 3327 2013 3352 ,
2030 3296 2080 3344 δι’.
2097 3295 2154 3346 ad
2172 3298 2343 3349 Orien·

276 3363 377 3433 ‘bus
408 3361 644 3433 utriusque
656 3362 882 3426 sufficiat,
914 3372 1203 3427 &Geram
1236 3372 1287 3419 ὅ(
1347 3381 1447 3418 tem
1476 3365 1698 3436 speetans.
1757 3370 1903 3423 Huius
1933 3364 2341 3418 incolae'omniusn

284 3431 483 3484 Liberi:
517 3434 570 3483 in
584 3449 674 3500 qua
689 3450 882 3486 nemora
895 3436 989 3487 fine
1003 3437 1289 3488 immanibus
1348 3438 1490 3504 longe
1532 3434 1845 3488 bumanissimi
1868 3430 1971 3484 sunt
1987 3467 2003 3490 .
2023 3436 2066 3484 ἃ
2085 3431 2112 3483 Ξ
2130 3436 2341 3487 moribus

284 3502 448 3554 bestiis
462 3533 485 3562 ,
536 3515 658 3553 tetra
682 3502 776 3554 fine
801 3501 1087 3573 serpentibus
1116 3507 1288 3556 noxiis.
1350 3507 1598 3557 Gallorum
1638 3507 1838 3557 minime
1878 3500 2164 3554 differentes.
2225 3509 2345 3556 Huic

277 3577 472 3623 Contra
500 3586 720 3636 pecorum
734 3575 923 3626 mitium
937 3574 1290 3625 innumerabilis
1350 3574 1594 3626 matirimae
1618 3576 1801 3645 regioni
1828 3586 2028 3639 quatuor
2059 3578 2206 3641 Reges
2221 3576 2345 3625 olim

285 3638 1185 3705 multimdo,laaedisteuta,&onusta
1198 3643 1293 3693 vel·
1350 3658 1602 3709 preerant,
1638 3643 1804 3711 quibus
1836 3639 2017 3699 Caesar,
2050 3642 2343 3708 qu‘dquidin

279 3707 481 3761 leribm.
518 3714 633 3761 Haec
659 3726 718 3762 ex
747 3712 1032 3781 Panegyrico
1059 3709 1291 3763 Conssan·
1349 3727 1501 3762 annos
1527 3711 1728 3780 singulos
1758 3709 1996 3776 vectigalis
2013 3711 2183 3775 populo
2201 3717 2342 3761 Rom.

277 3778 392 3830 tini.
1354 3780 1527 3847 Anglia
1541 3781 1786 3846 penderet,
1800 3775 2059 3826 constituit.
2096 3776 2251 3827 Postea
2271 3794 2347 3827 re·

351 3862 382 3899 2
421 3854 563 3916 <Ram
600 3854 668 3904 (φ
698 3849 853 3898 Cantii
896 3849 1127 3913 ιοπσηξιιισ
1156 3842 1292 3897 crebro
1353 3862 1498 3915 gnum
1523 3847 1747 3917 vestigalc
1764 3842 1983 3898 Pontifici
2004 3848 2144 3896 Rom.
2163 3843 2348 3895 fastum

2294 3925 2357 3966 α

823 3228 1088 3283 oraestatis:
1120 3235 1172 3282 in
1198 3246 1287 3301 qua
1345 3233 1397 3281 &
1433 3234 1684 3284 Prolemaeo
1712 3225 1974 3288 A‘rjr‘laove
2013 3226 2136 3276 aliud
2155 3259 2174 3285 ,
2211 3227 2345 3295 regio
