2738 4475
1729 88 1769 118 Ο

508 242 607 343 36
914 318 923 321 ,
1025 233 2061 316 ΕἰῐιτηοιιΜ.«8Αττιιοι

324 414 329 419 -
430 442 436 448 .
506 367 810 466 operibus
829 394 987 447 natae
1011 421 1033 458 ‚
1050 373 1329 472 gaudent
1345 397 1528 472 parto
1547 399 1661 470 per
1678 371 1961 444 laborem
1984 368 2178 443 melle
2197 364 2384 441 vesti.
2425 365 2539 461 Sic

505 469 725 544 etiam‘
743 492 876 544 tum
915 494 1045 553 erat
1062 473 1325 570 quidem
1348 472 1691 565 majoribus
1709 472 1934 547 animis
1954 494 2146 568 quam
2163 466 2387 568 opibus
2408 470 2539 539 mi-

506 568 643 654 les,
684 570 784 656 cui
808 572 941 640 sors
981 571 1343 643 viliffimam
1386 564 1789 672 delegaverat
1809 571 2074 642 domum
2097 616 2119 653 ‚
2155 576 2375 665 quae&
2398 563 2535 639 sor-

502 665 687 738 dibus
704 712 724 746 ,
781 675 848 740 &
869 668 1070 741 odore
1088 673 1474 769 paupertatis
1497 670 1708 747 indice
1728 722 1751 756 ,
1790 666 2166 768 generosum
2190 666 2525 757 hominem

494 782 672 855 totos
689 764 824 837 dies
845 767 913 837 in
930 763 1074 840 foro
1090 770 1374 843 tenebat.
1425 778 1489 842 Is
1512 796 1655 842 cum
1675 766 2133 867 perambularet
2150 766 2411 845 urbem,
2452 772 2524 838 &

495 860 722 958 paffim
759 865 1104 940 domorum
1140 871 1591 967 tectorumque
1606 874 1807 941 minas
1823 864 2075 937 curiofis
2093 866 2295 934 oculis
2318 860 2526 959 perlu-

493 958 759 1043 straret,
801 966 1029 1040 incidit
1062 968 1130 1039 in
1170 971 1535 1066 elegantem
1568 967 1875 1046 domum,
1907 966 2072 1037 binis
2091 961 2361 1034 turribus
2381 974 2424 1045 ‚'
2452 972 2527 1036 δε

490 1061 680 1131 variis
719 1060 1056 1138 statuarum
1097 1066 1369 1139 molibus
1400 1090 1804 1139 exornatam.
1860 1064 1987 1137 Sed
2017 1064 2236 1134 omnia
2268 1062 2532 1140 velutin

489 1157 857 1255 pestilentia
879 1166 1289 1238 conticebant
1307 1221 1326 1248 ‚
1359 1160 1527 1236 fores
1545 1165 1826 1262 pluribus
1849 1163 2116 1236 astrictae
2135 1156 2540 1245 vinculis,fe-·

490 1256 717 1332 nestrae
753 1265 997 1362 aliquot
1035 1266 1442 1363 negligenter
1480 1285 1748 1360 apertae,
1792 1271 1861 1337 δε
1894 1264 2118 1334 omnia
2139 1255 2535 1336 desertarum

492 1336 724 1430 aedium
763 1359 960 1461 figna.
1017 1364 1188 1434 Cum
1225 1363 1662 1463 indignaretur
1697 1364 1882 1435 miles
1920 1383 2142 1435 vacare
2183 1356 2538 1457 pulcherri-

434 1532 457 1565 .·
492 1481 668 1529 mam
691 1459 956 1534 domum
979 1509 1003 1547 ‚
1023 1469 1088 1535 δι
1113 1478 1224 1533 eos·
1243 1463 1350 1559 qui
1374 1488 1492 1559 pro
1508 1459 1700 1534 salute
1716 1461 1956 1535 civium
1970 1461 2116 1532 vitae
2135 1482 2349 1531 curam
2376 1484 2533 1558 pro-

485 1555 794 1646 jicerent.
835 1561 903 1632 in
927 1560 1219 1663 peffimas
1243 1561 1417 1634 sedes
1441 1562 1726 1655 conjici,
1761 1560 2093 1636 admonuit
2110 1555 2377 1638 sodalis,
2433 1560 2538 1651 in-

484 1649 715 1741 festam
750 1657 1010 1756 spe'fflis
1033 1661 1300 1734 domum
1316 1708 1338 1742 ,
1373 1674 1540 1734 ‘cum
1560 1660 1811 1734 affiduis
1832 1656 2205 1732 tumultibus
2219 1652 2539 1747 familiam

488 1751 818 1829 laffaviffet
837 1807 861 1843 ,
898 1760 1161 1833 tandem
1199 1761 1541 1834 dominum
1560 1757 1874 1860 co'e‘giss'e,
1910 1780 1976 1830 ut
2000 1759 2125 1827 alio
2140 1759 2541 1856 commigra-

485 1875 606 1925 ret.
663 1859 938 1931 Nullum
960 1860 1130 1931 aditu
1149 1858 1511 1959 prohiberi,
1554 1858 1596 1930 fi
1620 1863 1720 1935 cui
1738 1857 1993 1928 audacia
2009 1903 2032 1939 ,
2071 1851 2184 1923 nifi
2207 1856 2410 1924 verius
2433 1876 2539 1925 te·

484 1956 854 2041 meritatem
870 1958 1144 2031 dixerim
1161 2003 1184 2038 ,
1208 1960 1432 2051 ‘inquit
1449 2006 1470 2039 ,
1490 1958 1554 2024 in
1573 1952 1796 2026 infami
1816 1950 1961 2022 sede
1983 1951 2360 2046 pernoctare
2383 1948 2539 2048 sug-

482 2050 764 2149 gesserit.
819 2051 923 2123 sed
960 2056 1288 2125 neminem
1331 2054 1398 2121 in
1422 2053 1601 2123 illum
1619 2049 1791 2121 diem
1811 2069 2175 2145 repertum,
2225 2048 2338 2145 qui
2357 2053 2538 2145 peri-

442 2222 445 2227 ⁴
482 2150 633 2235 culo
664 2148 824 2230 nihil
857 2151 1151 2221 utilitatis
1184 2146 1476 2222 afferenti
1494 2150 1693 2223 vitam
1710 2147 1960 2220 tradere
1983 2141 2296 2220 voluisset.
2357 2148 2536 2222 Haec

479 2245 803 2342 postrema
815 2250 1023 2318 oratio
1045 2250 1317 2322 militem
1340 2248 1708 2342 stimulavit.
1759 2247 2000 2321 Exarfit
2033 2245 2254 2315 animo
2275 2246 2535 2343 cupidi-

477 2364 619 2440 tas,
660 2368 728 2434 ut
767 2346 1062 2445 princeps
1094 2346 1468 2420 scrutaretur
1502 2346 1626 2418 hoc
1664 2349 1933 2419 malum.
1988 2342 2328 2432 Qoniam
2374 2367 2531 2434 ante

477 2468 712 2516 omnes
747 2465 850 2517 aut
889 2445 1101 2519 ausum
1138 2446 1375 2544 aliquid
1411 2467 1517 2517 aut
1549 2447 1880 2519 inventum
1906 2493 1930 2529 ,
1983 2442 2179 2515 veluti
2215 2442 2526 2539 primitiae

480 2545 778 2642 quaedam
812 2545 1037 2645 gloriae
1076 2548 1323 2619 animos
1343 2543 1617 2618 efferunt
1638 2593 1658 2627 ‚
1696 2541 2372 2640 nihilpraeterlaudem
2387 2543 2532 2614 exi-

482 2643 691 2716 mium
706 2645 776 2717 in
799 2647 926 2717 vita
944 2645 1271 2717 ducentes.
1327 2653 1553 2745 Itaque
1573 2644 1651 2716 ad
1673 2643 2124 2742 Magistratum
2146 2640 2357 2739 primo
2373 2686 2395 2721 ‚
2444 2641 2526 2714 ad

482 2741 822 2814 dominum
857 2744 1092 2815 deinde
1108 2745 1337 2817 aedium
1356 2743 1696 2815 contendit
1717 2790 1737 2824 ,
1774 2743 2150 2840 pollicetur,
2193 2737 2236 2809 fi
2257 2739 2411 2835 quid
2429 2737 2529 2811 fu-

483 2840 549 2909 ci
572 2835 650 2912 ⁸in
682 2840 782 2913 his
818 2843 1195 2927 timoribus,
1236 2837 1281 2915 'ss
1329 2843 1485 2941 quid
1507 2842 1781 2923 vicinia,
1822 2837 2039 2940 siquid
2056 2833 2375 2910 servitium
2395 2833 2520 2908 fal-

482 2940 661 3012 laciae
682 2939 1088 3023 committat,
1129 2940 1484 3041 seimpigre
1502 2940 1936 3013 scrutaturum.
1994 2935 2276 3034 Lychnis
2313 2936 2517 3007 modo

487 3035 557 3112 86
595 3041 639 3110 1“
690 3066 919 3114 norum
956 3041 1142 3140 copia
1177 3040 1583 3116 instrueretur
1617 3040 1865 3114 domus.
1953 3037 2022 3107 Si
2056 3036 2191 3106 haec
2233 3031 2509 3107 humana

483 3066 708 3212 ἔτευξε
725 3143 1174 3241 contingerent
1193 3188 1217 3226 ‚
1251 3139 1421 3213 ferro
1442 3137 1502 3212 se
1522 3139 1855 3238 improbos
1877 3138 2186 3208 ulturum:
2240 3130 2284 3202 fi
2309 3135 2518 3227 majo-

484 3259 556 3309 re
588 3239 652 3310 vi
683 3240 1065 3312 excitaretur
1098 3240 1459 3339 Tragoedia
1479 3287 1503 3325 ‚
1538 3243 1673 3311 non
1690 3240 1959 3312 invitum
1976 3259 2096 3333 pro
2113 3231 2294 3305 laude
2312 3240 2375 3306 δι
2399 3258 2521 3332 pu-

486 3333 678 3407 blicis
698 3339 1062 3412 commodis
1082 3342 1478 3413 moriturum.

2372 3435 2518 3507 Ne-

486 3571 619 3665 intu
634 3619 790 3682 Apum
802 3573 1014 3669 mellaria
1026 3613 1154 3670 sumas
1167 3616 1344 3670 laboth
1360 3618 1471 3669 alie-
1602 3587 1802 3684 mmqub
1815 3607 2210 3693 ambuans-bfaste
2224 3612 2391 3664 dcam.

498 3685 552 3734 ni
580 3683 695 3734 edax
721 3688 961 3752 appellere.
997 3687 1214 3738 volucres
1232 3685 1472 3766 Musarum
1533 3685 1656 3765 ⁹³9⁶.
1669 3686 1798 3763 plura
1825 3683 1883 3740 de
1909 3680 2072 3747 npjbus
2087 3680 2279 3736 ibidem·
2312 3687 2371 3733 Et
2395 3679 2516 3751 apud

436 3785 443 3794 ·
493 3750 604 3803 ideo
616 3749 740 3803 forte
753 3748 1018 3806 vocanturh
1034 3757 1319 3811 Columella·
1349 3754 1474 3808 Audi
1537 3754 1739 3808 mmmm
1751 3751 1915 3807 libat.
1930 3766 2080 3822 6²25.

495 3828 747 3881 Matonem
764 3827 938 3896 Geor-g.
952 3825 969 3875 1
984 3839 1039 3890 4·
2327 3897 2355 3935 1
2393 3885 2508 3932 rw-
