2738 4475
501 299 647 380 ²92
1004 282 1506 355 Eurnonm.
1566 273 2078 351 saa-vum
2181 373 2184 376 Δ

495 385 600 452 cui
632 404 738 455 me
775 379 844 451 in
866 381 1184 455 Gallionis
1207 378 1449 453 familia
1467 424 1489 458 ‚
1528 399 1671 450 mea
1688 371 1893 448 fabula
1914 376 2176 449 addixit·
2237 378 2468 476 Sparta
2490 377 2570 455 iri

496 483 721 582 vulgus
754 480 1036 553 chartula
1057 503 1190 555 erat
1211 526 1233 561 ‚
1266 503 1406 581 quae
1427 478 1645 549 omnia
1664 478 1939 575 Satyrici
1961 479 2086 550 mei
2107 468 2344 549 secreta
2369 481 2566 552 vide-

495 580 678 653 batur
698 580 1026 653 reclusiffe.
1078 590 1257 654 Inter
1273 600 1528 660 caetera,
1550 575 1711 647 mihi
1732 601 1989 678 quoque
2006 576 2340 649 dominum
2366 581 2560 651 miri-

494 677 622 751 fica
657 678 999 778 sagacitate
1034 680 1311 754 invenit.
1365 685 1432 749 Is
1467 697 1635 760 erat,
1677 701 1871 773 quem
1905 703 2033 776 ego
2048 678 2279 747 nullius
2303 680 2549 750 coloris

490 778 670 857 novi3
693 778 802 850 nist
822 805 954 877 quo
975 776 1101 852 fam
1113 805 1210 850 am
1230 782 1296 849 in
1318 781 1550 877 ignoto
1571 799 1892 847 revereor.
1936 777 2560 874 Fortunaliberalius
2616 797 2619 798 ’

490 902 748 951 mecum
767 883 940 979 egit3
964 905 1081 951 nec
1105 880 1288 949 ullius
1311 877 1545 974 privati
1563 873 1867 946 familiam
1887 879 2071 959 auxi,
2118 879 2152 945 ὲ
2176 881 2462 974 paternis
2485 882 2560 952 in

492 978 737 1074 regiam
759 973 921 1061 focis
943 980 1221 1051 eductus.
1282 984 1382 1048 Ita
1401 972 1657 1047 excuffo
1679 976 1966 1072 Satyrico
1984 1021 2006 1055 ‚
2026 978 2272 1049 nullam
2299 1001 2552 1072 partem

490 1076 797 1147 volebant
817 1101 950 1150 arte
968 1102 1071 1149 aut
1092 1076 1383 1148 convitio
1405 1098 1651 1146 vacare.
1694 1076 1821 1148 Sed
1841 1100 1958 1146 nec
1975 1076 2281 1146 omnibus
2299 1079 2555 1152 incivili

491 1176 817 1247 iracundia
849 1174 1162 1249 adversor.
1207 1175 1406 1247 Multi
1426 1177 1493 1245 in
1518 1198 1699 1244 meos
1722 1172 1927 1246 sensus
1949 1174 2224 1246 candide
2241 1175 2550 1273 quaelive-

493 1299 606 1361 re;
644 1274 821 1374 digni
857 1276 1084 1376 quibus
1102 1270 1371 1348 referam
1390 1275 1658 1375 gratias:
1694 1297 1810 1371 per
1827 1300 1988 1374 quos
2014 1282 2081 1349 &
2105 1274 2376 1374 ubique,
2413 1278 2555 1370 jam

494 1399 654 1446 vero
673 1400 752 1445 ne
805 1401 882 1448 ue
902 1372 1045 1447 fatis
1068 1375 1487 1472 rapientibus,
1509 1375 1864 1471 extinguar.

600 1403 905 1547 Tandem
925 1474 1266 1547 occidente
1285 1475 1526 1547 invidia
1541 1519 1563 1553 ‚
1608 1473 1870 1546 videbar
1885 1476 2410 1574 expurgationem
2435 1473 2563 1545 ha-

496 1571 718 1645 buiffe.
773 1577 957 1648 Galli
979 1575 1432 1675 Germanique
1456 1575 1691 1646 mutuis
1713 1573 2105 1648 editionibus
2123 1576 2571 1672 Eupbonnio-

500 1699 656 1746 nem
682 1676 1113 1756 vindicabant,
1138 1681 1200 1746 δι
1225 1675 1459 1773 ubique
1479 1676 1607 1747 fine
1633 1676 1814 1746 malae
1832 1677 2185 1746 atrocitatis
2212 1674 2573 1774 suspicione

502 1774 834 1849 trafiabar.
861 1778 1255 1850 sollicitatus
1277 1776 1446 1846 male
1469 1771 1593 1844 fida
1614 1797 1771 1868 pace
1790 1793 2322 1854 ventorum,ecce
2340 1779 2578 1847 iterum

502 1872 686 1974 (olvo
723 1873 805 1945 de
824 1899 1013 1973 portu
1033 1923 1055 1957 ‚
1097 1882 1163 1947 &
1185 1874 1516 1971 navigium
1538 1872 1641 1941 vix
1659 1866 1920 1937 refeecis
1940 1876 2449 1944 armamentisin
2475 1877 2575 1945 al-

465 2011 469 2016 ·
504 1993 643 2046 tum
665 1975 961 2069 perduco.
1020 1970 1334 2047 Nondum
1355 1970 1529 2040 enim
1553 1961 2015 2032 consumseram
2035 1966 2359 2059 impetum
2382 2014 2406 2046 ,
2448 1972 2582 2065 qui'

502 2096 611 2142 me
648 2071 723 2139 ad
765 2071 1073 2140 ambitum
1111 2065 1380 2159 publicae
1422 2058 1805 2130 celebritatis
1826 2079 2284 2153 protraxerat:
2329 2070 2400 2135 ac
2420 2067 2562 2156 jam

499 2189 644 2234 cum
671 2164 1037 2259 praejudicio
1058 2160 1328 2229 vocabar
1353 2159 1431 2228 ad
1456 2160 2007 2256 Satyram.Novos
2037 2161 2233 2258 igitur
2253 2160 2459 2234 libros
2476 2190 2572 2239 ex

495 2262 725 2331 eodem
746 2261 987 2330 cortice
1005 2258 1372 2332 excidi.Sed
1395 2255 1439 2329 ὃ
1463 2254 1677 2328 fatum!
1700 2282 1828 2327 non
1850 2259 2264 2354 periculosius
2284 2264 2474 2335 illum
2497 2266 2571 2336 in

494 2355 775 2455 Alpibus
793 2360 1237 2456 impatientem
1263 2382 1475 2429 motus
1493 2358 1698 2427 lacum
1719 2406 1740 2440 ‚
1760 2381 1947 2454 quam
1966 2362 2318 2458 tranquille
2339 2359 2564 2434 seden-

497 2459 587 2528 tia
605 2457 796 2529 seculi
814 2460 966 2531 vitia
984 2456 1721 2559 agitaviffemfflrecipue
1736 2451 1936 2526 fraudi
1952 2454 2565 2560 fuit,quodGephy-

502 2560 666 2631 rium
692 2565 757 2630 δε
782 2560 908 2630 Aci
960 2559 1181 2631 nianos
1199 2559 1406 2653 tetigi.
1444 2562 1595 2627 Nec
1611 2555 1789 2629 enim
1810 2552 2143 2628 aestimatis
2166 2563 2558 2657 argumentis

505 2657 735 2754 passim
768 2586 1271 2753 proffiribebatur
1289 2655 1697 2754 Euphormio
1714 2700 1736 2733 ‚
1774 2658 1842 2724 δι
1869 2662 1888 2692 ¹
1907 2654 1986 2725 ad
2008 2656 2258 2730 tristem
2279 2661 2559 2733 litteram

503 2750 818 2850 judicibus
842 2753 987 2831 satis
1005 2757 1342 2858 erat‚quod
1364 2759 1431 2826 in
1456 2764 1669 2851 Satyra
1692 2753 2020 2852 Gephyrii
2037 2781 2279 2830 nomen
2301 2768 2368 2832 &
2393 2762 2554 2830 Aci-

502 2856 887 2954 gnianorum
930 2857 1256 2955 legebatur
1282 2879 1305 2943 3
1343 2857 1494 2929 dum
1529 2855 1624 2925 illi
1644 2851 1746 2925 sua
1772 2855 1919 2924 vitia
1940 2876 2163 2950 putant
2187 2856 2491 2928 tutiffime
2510 2858 2553 2929 ὃ,

504 2954 748 3053 populo
762 2951 1181 3052 superstitiosa
1199 2956 1554 3028 reverentia
1571 2952 1894 3031 nesciri‚hi
1910 2977 2119 3025 autem
2140 2956 2204 3024 in
2225 2952 2410 3025 sacris
2429 2957 2560 3045 ho·

506 3052 785 3128 minibus
811 3052 1079 3127 accusari
1097 3080 1326 3127 omnes
1345 3054 1522 3126 deos.
1540 3056 1703 3126 Non
1729 3053 1895 3125 indul
1949 3051 2547 3152 eboimprudentiae

509 3179 678 3227 meae
701 3209 717 3236 ,
755 3152 801 3226 fi
833 3155 985 3255 quid
1019 3153 1373 3254 procaciter
1391 3175 1492 3226 aut
1512 3080 1970 3247 cqontumelioffe
1987 3153 2251 3225 ullarum
2276 3155 2555 3252 partium

511 3255 754 3348 judicio
789 3259 1101 3353 peccavit.
1153 3257 1334 3328 Nam
1354 3252 1527 3354 quod
1551 3253 1808 3325 verbum
1826 3254 1893 3322 in
1914 3252 2328 3347 Gephyrium
2346 3253 2559 3325 atrox?

508 3352 748 3450 quidin
767 3375 899 3427 tam
915 3353 1232 3427 invidioso
1252 3374 1632 3452 argumento
1648 3378 1778 3434 non
1795 3349 2245 3451 benigniffima
2265 3351 2555 3426 humani-

515 3470 649 3522 tate
667 3450 997 3528 didu&u‘m
1017 3455 1047 3525 ?
1073 3457 1089 3485 ²
1110 3456 1471 3527 Occafione
1489 3474 1702 3522 motus
1726 3453 1837 3552 qui
1859 3452 2173 3523 Marciam
2196 3476 2393 3550 nuper
2409 3475 2552 3523 ere·

938 3614 945 3623 .
2433 3571 2531 3622 xit

590 3664 612 3699 ι
653 3650 745 3701 ,Aa
769 3650 933 3718 tristem
952 3656 1139 3704 litteren
1160 3651 1374 3720 jndicibus
1386 3650 1503 3714 fath
1552 3651 1740 3714 erexit-‘1
1759 3644 2292 3720 Qisqniiignoravetit
2307 3607 2551 3703 amulum-2

516 3717 652 3781 mn]
682 3724 728 3767 A
759 3722 914 3771 littera
929 3720 1169 3778 salutarim
1198 3720 1414 3771 Clittera
1426 3718 1503 3770 fu·
1558 3721 1609 3769 δε
1636 3716 1934 3770 diffenfiones
1968 3722 2102 3786 Reip.
2122 3722 2368 3771 Marciana
2382 3717 2452 3769 seu
2466 3723 2551 3797 ve:

520 3788 679 3845 nesta,
698 3788 924 3840 acuistis.
1557 3801 1674 3838 netae
1698 3789 1822 3856 legat
1854 3789 1982 3838 inim
2023 3788 2244 3841 monachi
2285 3787 2426 3839 libros
2465 3800 2558 3852 qm

591 3875 618 3916 2
657 3857 877 3924 Oecafione
898 3873 1033 3912 motus
1060 3861 1137 3929 qui
1148 3859 1363 3912 Marciam
1376 3872 1509 3926 nuper
1555 3859 1697 3928 vulgo
1701 3861 1780 3927 fia
1797 3860 1926 3911 Panlo
1939 3857 2209 3943 appellatur.
2343 3924 2370 3962 1
2406 3909 2565 3960 Vela..
