<?xml version="1.0" encoding="UTF-8"?>
<!DOCTYPE html PUBLIC "-//W3C//DTD XHTML 1.0 Transitional//EN"
    "http://www.w3.org/TR/xhtml1/DTD/xhtml1-transitional.dtd">
<html xmlns="http://www.w3.org/1999/xhtml" xml:lang="en" lang="en">
 <head>
  <title>
</title>
<meta http-equiv="Content-Type" content="text/html;charset=utf-8" />
  <meta name='ocr-system' content='tesseract 3.04.00' />
  <meta name='ocr-capabilities' content='ocr_page ocr_carea ocr_par ocr_line ocrx_word'/>
</head>
<body>
  <div class='ocr_page' id='page_1' title='image "./euphormionislus00barcgoog_0261.png"; bbox 0 0 2738 4475; ppageno 0'>
   <div class='ocr_carea' id='block_1_1' title="bbox 934 200 2274 321">
    <p class='ocr_par' dir='ltr' id='par_1_1' title="bbox 934 200 2274 321">
     <span class='ocr_line' id='line_1_1' title="bbox 934 200 2274 321; baseline -0.001 -26"><span class='ocrx_word' id='word_1_1' title='bbox 934 200 1852 296; x_wconf 46' lang='lat' dir='ltr'>Panallo&#39;*</span> <span class='ocrx_word' id='word_1_2' title='bbox 2127 238 2274 321; x_wconf 77' lang='lat'>209</span> 
     </span>
    </p>
   </div>
   <div class='ocr_carea' id='block_1_2' title="bbox 185 332 2399 3898">
    <p class='ocr_par' dir='ltr' id='par_1_2' title="bbox 185 332 2399 2906">
     <span class='ocr_line' id='line_1_2' title="bbox 195 332 2281 440; baseline -0.002 -23"><span class='ocrx_word' id='word_1_3' title='bbox 195 342 364 417; x_wconf 85' lang='lat' dir='ltr'>riora</span> <span class='ocrx_word' id='word_1_4' title='bbox 383 340 735 417; x_wconf 83' lang='lat' dir='ltr'>aediumad</span> <span class='ocrx_word' id='word_1_5' title='bbox 770 340 1198 416; x_wconf 85' lang='lat' dir='ltr'>Doromisum</span> <span class='ocrx_word' id='word_1_6' title='bbox 1222 344 1631 416; x_wconf 80' lang='lat' dir='ltr'>manuduxit.</span> <span class='ocrx_word' id='word_1_7' title='bbox 1693 339 1890 415; x_wconf 86' lang='lat' dir='ltr'>Pauci</span> <span class='ocrx_word' id='word_1_8' title='bbox 1929 332 2281 440; x_wconf 85' lang='lat' dir='ltr'>sequeban-</span> 
     </span>
     <span class='ocr_line' id='line_1_3' title="bbox 189 438 2277 544; baseline -0.004 -29"><span class='ocrx_word' id='word_1_9' title='bbox 189 465 293 515; x_wconf 84' lang='lat' dir='ltr'>tur</span> <span class='ocrx_word' id='word_1_10' title='bbox 327 442 368 515; x_wconf 70' lang='grc' dir='ltr'>ὃ,</span> <span class='ocrx_word' id='word_1_11' title='bbox 410 466 620 544; x_wconf 86' lang='lat' dir='ltr'>tergo</span> <span class='ocrx_word' id='word_1_12' title='bbox 640 485 665 522; x_wconf 81' lang='lat'>‚</span> <span class='ocrx_word' id='word_1_13' title='bbox 694 467 856 542; x_wconf 86' lang='lat' dir='ltr'>quos</span> <span class='ocrx_word' id='word_1_14' title='bbox 887 440 1138 514; x_wconf 78' lang='lat' dir='ltr'>atriensi</span> <span class='ocrx_word' id='word_1_15' title='bbox 1179 441 1479 514; x_wconf 84' lang='lat' dir='ltr'>illustrior</span> <span class='ocrx_word' id='word_1_16' title='bbox 1510 441 1716 542; x_wconf 84' lang='lat' dir='ltr'>gratia</span> <span class='ocrx_word' id='word_1_17' title='bbox 1747 438 2277 515; x_wconf 75' lang='lat' dir='ltr'>commendabat.</span> 
     </span>
     <span class='ocr_line' id='line_1_4' title="bbox 185 539 2289 642; baseline -0.004 -25"><span class='ocrx_word' id='word_1_18' title='bbox 185 547 349 642; x_wconf 84' lang='lat' dir='ltr'>Ego</span> <span class='ocrx_word' id='word_1_19' title='bbox 391 568 565 613; x_wconf 84' lang='lat' dir='ltr'>vero</span> <span class='ocrx_word' id='word_1_20' title='bbox 604 542 771 613; x_wconf 89' lang='lat' dir='ltr'>nihil</span> <span class='ocrx_word' id='word_1_21' title='bbox 810 541 1140 614; x_wconf 82' lang='lat' dir='ltr'>mediocre</span> <span class='ocrx_word' id='word_1_22' title='bbox 1168 541 1635 639; x_wconf 69' lang='lat' dir='ltr'>expectabam,</span> <span class='ocrx_word' id='word_1_23' title='bbox 1686 561 1863 614; x_wconf 84' lang='lat' dir='ltr'>tanta</span> <span class='ocrx_word' id='word_1_24' title='bbox 1880 539 2289 641; x_wconf 83' lang='lat' dir='ltr'>benignitate</span> 
     </span>
     <span class='ocr_line' id='line_1_5' title="bbox 186 639 2290 741; baseline -0.003 -27"><span class='ocrx_word' id='word_1_25' title='bbox 186 640 513 714; x_wconf 73' lang='lat' dir='ltr'>admissus</span> <span class='ocrx_word' id='word_1_26' title='bbox 558 667 584 732; x_wconf 82' lang='lat'>3</span> <span class='ocrx_word' id='word_1_27' title='bbox 657 649 724 714; x_wconf 86' lang='lat'>&amp;</span> <span class='ocrx_word' id='word_1_28' title='bbox 761 641 890 733; x_wconf 86' lang='lat' dir='ltr'>jam</span> <span class='ocrx_word' id='word_1_29' title='bbox 952 639 1094 738; x_wconf 88' lang='lat' dir='ltr'>spes</span> <span class='ocrx_word' id='word_1_30' title='bbox 1132 641 1427 738; x_wconf 87' lang='lat' dir='ltr'>improba</span> <span class='ocrx_word' id='word_1_31' title='bbox 1463 639 1867 740; x_wconf 88' lang='lat' dir='ltr'>concipiebat</span> <span class='ocrx_word' id='word_1_32' title='bbox 1904 641 2290 741; x_wconf 77' lang='lat' dir='ltr'>dignitates,</span> 
     </span>
     <span class='ocr_line' id='line_1_6' title="bbox 187 737 2293 843; baseline -0.001 -31"><span class='ocrx_word' id='word_1_33' title='bbox 187 765 482 843; x_wconf 80' lang='lat' dir='ltr'>quarum</span> <span class='ocrx_word' id='word_1_34' title='bbox 504 742 719 841; x_wconf 78' lang='lat' dir='ltr'>gratia</span> <span class='ocrx_word' id='word_1_35' title='bbox 737 742 802 812; x_wconf 90' lang='lat' dir='ltr'>in</span> <span class='ocrx_word' id='word_1_36' title='bbox 811 742 1173 812; x_wconf 80' lang='lat' dir='ltr'>Anemonis</span> <span class='ocrx_word' id='word_1_37' title='bbox 1192 739 1392 813; x_wconf 89' lang='lat' dir='ltr'>domo</span> <span class='ocrx_word' id='word_1_38' title='bbox 1410 761 1723 813; x_wconf 87' lang='lat' dir='ltr'>tentarem</span> <span class='ocrx_word' id='word_1_39' title='bbox 1743 742 2041 840; x_wconf 82' lang='lat' dir='ltr'>conjugis</span> <span class='ocrx_word' id='word_1_40' title='bbox 2059 737 2293 812; x_wconf 85' lang='lat' dir='ltr'>fidem.</span> 
     </span>
     <span class='ocr_line' id='line_1_7' title="bbox 302 836 2293 938; baseline -0.002 -27"><span class='ocrx_word' id='word_1_41' title='bbox 302 840 428 911; x_wconf 88' lang='lat' dir='ltr'>Ut</span> <span class='ocrx_word' id='word_1_42' title='bbox 462 866 633 912; x_wconf 81' lang='lat' dir='ltr'>veto</span> <span class='ocrx_word' id='word_1_43' title='bbox 660 836 796 912; x_wconf 88' lang='lat' dir='ltr'>sum</span> <span class='ocrx_word' id='word_1_44' title='bbox 813 843 882 911; x_wconf 90' lang='lat' dir='ltr'>in</span> <span class='ocrx_word' id='word_1_45' title='bbox 900 842 1201 910; x_wconf 87' lang='lat' dir='ltr'>interiora</span> <span class='ocrx_word' id='word_1_46' title='bbox 1219 839 1559 938; x_wconf 67' lang='lat' dir='ltr'>perductus</span> <span class='ocrx_word' id='word_1_47' title='bbox 1578 885 1601 921; x_wconf 89' lang='lat'>‚</span> <span class='ocrx_word' id='word_1_48' title='bbox 1642 844 1863 913; x_wconf 87' lang='lat' dir='ltr'>omnia</span> <span class='ocrx_word' id='word_1_49' title='bbox 1882 864 2036 911; x_wconf 82' lang='lat' dir='ltr'>auro</span> <span class='ocrx_word' id='word_1_50' title='bbox 2053 861 2293 936; x_wconf 84' lang='lat' dir='ltr'>argen-</span> 
     </span>
     <span class='ocr_line' id='line_1_8' title="bbox 191 934 2289 1038; baseline -0.001 -29"><span class='ocrx_word' id='word_1_51' title='bbox 191 956 420 1038; x_wconf 83' lang='lat' dir='ltr'>toque</span> <span class='ocrx_word' id='word_1_52' title='bbox 438 939 757 1012; x_wconf 84' lang='lat' dir='ltr'>vibrantia</span> <span class='ocrx_word' id='word_1_53' title='bbox 778 935 1098 1010; x_wconf 83' lang='lat' dir='ltr'>insolitam</span> <span class='ocrx_word' id='word_1_54' title='bbox 1123 938 1327 1012; x_wconf 83' lang='lat' dir='ltr'>aciem</span> <span class='ocrx_word' id='word_1_55' title='bbox 1351 934 1639 1012; x_wconf 83' lang='lat' dir='ltr'>fefellere</span> <span class='ocrx_word' id='word_1_56' title='bbox 1658 984 1681 1020; x_wconf 89' lang='lat'>‚</span> <span class='ocrx_word' id='word_1_57' title='bbox 1736 938 2027 1032; x_wconf 81' lang='lat' dir='ltr'>majestas</span> <span class='ocrx_word' id='word_1_58' title='bbox 2047 937 2289 1010; x_wconf 83' lang='lat' dir='ltr'>deinde</span> 
     </span>
     <span class='ocr_line' id='line_1_9' title="bbox 196 1034 2290 1137; baseline -0 -28"><span class='ocrx_word' id='word_1_59' title='bbox 196 1035 561 1124; x_wconf 86' lang='lat' dir='ltr'>locorum,</span> <span class='ocrx_word' id='word_1_60' title='bbox 602 1046 671 1112; x_wconf 90' lang='lat'>&amp;</span> <span class='ocrx_word' id='word_1_61' title='bbox 713 1039 963 1110; x_wconf 83' lang='lat' dir='ltr'>animus</span> <span class='ocrx_word' id='word_1_62' title='bbox 1004 1036 1114 1136; x_wconf 88' lang='lat' dir='ltr'>spe</span> <span class='ocrx_word' id='word_1_63' title='bbox 1152 1062 1328 1112; x_wconf 85' lang='lat' dir='ltr'>metu</span> <span class='ocrx_word' id='word_1_64' title='bbox 1382 1063 1459 1110; x_wconf 87' lang='lat' dir='ltr'>ue</span> <span class='ocrx_word' id='word_1_65' title='bbox 1480 1035 1929 1135; x_wconf 83' lang='lat' dir='ltr'>perturbatus,</span> <span class='ocrx_word' id='word_1_66' title='bbox 1979 1034 2290 1137; x_wconf 88' lang='lat' dir='ltr'>quicquid</span> 
     </span>
     <span class='ocr_line' id='line_1_10' title="bbox 197 1067 2290 1237; baseline 0 -30"><span class='ocrx_word' id='word_1_67' title='bbox 197 1138 584 1234; x_wconf 85' lang='lat' dir='ltr'>prudentiae</span> <span class='ocrx_word' id='word_1_68' title='bbox 620 1161 1090 1235; x_wconf 81' lang='lat' dir='ltr'>conceperam,</span> <span class='ocrx_word' id='word_1_69' title='bbox 1144 1146 1211 1210; x_wconf 89' lang='lat'>&amp;</span> <span class='ocrx_word' id='word_1_70' title='bbox 1251 1067 1447 1210; x_wconf 58' lang='lat' dir='ltr'>veiim</span> <span class='ocrx_word' id='word_1_71' title='bbox 1478 1134 1708 1237; x_wconf 81' lang='lat' dir='ltr'>quihus</span> <span class='ocrx_word' id='word_1_72' title='bbox 1741 1134 1822 1206; x_wconf 86' lang='lat' dir='ltr'>ad</span> <span class='ocrx_word' id='word_1_73' title='bbox 1862 1135 2290 1210; x_wconf 86' lang='lat' dir='ltr'>Doromisurn</span> 
     </span>
     <span class='ocr_line' id='line_1_11' title="bbox 194 1233 2293 1333; baseline -0 -27"><span class='ocrx_word' id='word_1_74' title='bbox 194 1233 704 1313; x_wconf 78' lang='lat' dir='ltr'>destinaveram·</span> <span class='ocrx_word' id='word_1_75' title='bbox 723 1236 860 1317; x_wconf 84' lang='lat' dir='ltr'>uti,</span> <span class='ocrx_word' id='word_1_76' title='bbox 915 1260 1102 1333; x_wconf 81' lang='lat' dir='ltr'>paene</span> <span class='ocrx_word' id='word_1_77' title='bbox 1133 1234 1478 1309; x_wconf 87' lang='lat' dir='ltr'>submovit.</span> <span class='ocrx_word' id='word_1_78' title='bbox 1530 1235 1655 1323; x_wconf 82' lang='lat' dir='ltr'>Ille</span> <span class='ocrx_word' id='word_1_79' title='bbox 1672 1235 1740 1307; x_wconf 90' lang='lat' dir='ltr'>in</span> <span class='ocrx_word' id='word_1_80' title='bbox 1759 1236 2095 1329; x_wconf 87' lang='lat' dir='ltr'>communi</span> <span class='ocrx_word' id='word_1_81' title='bbox 2113 1233 2293 1307; x_wconf 80' lang='lat' dir='ltr'>veste</span> 
     </span>
     <span class='ocr_line' id='line_1_12' title="bbox 197 1332 2399 1437; baseline -0 -32"><span class='ocrx_word' id='word_1_82' title='bbox 197 1357 398 1419; x_wconf 87' lang='lat' dir='ltr'>erat,</span> <span class='ocrx_word' id='word_1_83' title='bbox 461 1342 530 1409; x_wconf 78' lang='grc' dir='ltr'>δι</span> <span class='ocrx_word' id='word_1_84' title='bbox 572 1362 686 1437; x_wconf 84' lang='lat' dir='ltr'>per</span> <span class='ocrx_word' id='word_1_85' title='bbox 726 1337 995 1408; x_wconf 86' lang='lat' dir='ltr'>triclinii</span> <span class='ocrx_word' id='word_1_86' title='bbox 1030 1337 1228 1433; x_wconf 89' lang='lat' dir='ltr'>spatia</span> <span class='ocrx_word' id='word_1_87' title='bbox 1242 1332 1391 1408; x_wconf 80' lang='lat' dir='ltr'>satis</span> <span class='ocrx_word' id='word_1_88' title='bbox 1413 1338 1574 1407; x_wconf 86' lang='lat' dir='ltr'>truci</span> <span class='ocrx_word' id='word_1_89' title='bbox 1593 1332 1929 1425; x_wconf 83' lang='lat' dir='ltr'>maiestate</span> <span class='ocrx_word' id='word_1_90' title='bbox 1949 1332 2290 1409; x_wconf 86' lang='lat' dir='ltr'>ferebatur.</span> <span class='ocrx_word' id='word_1_91' title='bbox 2390 1334 2399 1345; x_wconf 81' lang='grc'><em>’</em></span> 
     </span>
     <span class='ocr_line' id='line_1_13' title="bbox 196 1431 2298 1534; baseline -0.001 -27"><span class='ocrx_word' id='word_1_92' title='bbox 196 1436 370 1533; x_wconf 85' lang='lat' dir='ltr'>Ego</span> <span class='ocrx_word' id='word_1_93' title='bbox 416 1436 491 1507; x_wconf 89' lang='lat' dir='ltr'>in</span> <span class='ocrx_word' id='word_1_94' title='bbox 509 1451 720 1534; x_wconf 78' lang='lat' dir='ltr'>genua</span> <span class='ocrx_word' id='word_1_95' title='bbox 738 1433 951 1509; x_wconf 90' lang='lat' dir='ltr'>decidi</span> <span class='ocrx_word' id='word_1_96' title='bbox 972 1431 1233 1532; x_wconf 83' lang='lat' dir='ltr'>supplex</span> <span class='ocrx_word' id='word_1_97' title='bbox 1250 1481 1276 1519; x_wconf 88' lang='lat'><strong>‚</strong></span> <span class='ocrx_word' id='word_1_98' title='bbox 1314 1442 1384 1509; x_wconf 88' lang='lat'>&amp;</span> <span class='ocrx_word' id='word_1_99' title='bbox 1405 1433 1518 1506; x_wconf 82' lang='lat' dir='ltr'>nili</span> <span class='ocrx_word' id='word_1_100' title='bbox 1538 1434 1717 1533; x_wconf 89' lang='lat' dir='ltr'>quod</span> <span class='ocrx_word' id='word_1_101' title='bbox 1736 1436 2053 1534; x_wconf 84' lang='lat' dir='ltr'>precantis</span> <span class='ocrx_word' id='word_1_102' title='bbox 2073 1432 2298 1507; x_wconf 90' lang='lat' dir='ltr'>humi-</span> 
     </span>
     <span class='ocr_line' id='line_1_14' title="bbox 195 1531 2297 1632; baseline 0 -28"><span class='ocrx_word' id='word_1_103' title='bbox 195 1535 373 1604; x_wconf 85' lang='lat' dir='ltr'>litas</span> <span class='ocrx_word' id='word_1_104' title='bbox 408 1536 482 1604; x_wconf 81' lang='lat' dir='ltr'>in</span> <span class='ocrx_word' id='word_1_105' title='bbox 503 1554 958 1632; x_wconf 88' lang='lat' dir='ltr'>contemptum</span> <span class='ocrx_word' id='word_1_106' title='bbox 973 1531 1184 1604; x_wconf 85' lang='lat' dir='ltr'>tranfit</span> <span class='ocrx_word' id='word_1_107' title='bbox 1202 1578 1225 1614; x_wconf 89' lang='lat'>‚</span> <span class='ocrx_word' id='word_1_108' title='bbox 1278 1534 1476 1608; x_wconf 87' lang='lat' dir='ltr'>etiam</span> <span class='ocrx_word' id='word_1_109' title='bbox 1494 1534 1765 1631; x_wconf 85' lang='lat' dir='ltr'>vestigia</span> <span class='ocrx_word' id='word_1_110' title='bbox 1789 1534 2167 1608; x_wconf 82' lang='lat' dir='ltr'>ambulantis</span> <span class='ocrx_word' id='word_1_111' title='bbox 2185 1547 2297 1606; x_wconf 85' lang='lat' dir='ltr'>aut</span> 
     </span>
     <span class='ocr_line' id='line_1_15' title="bbox 210 1628 2292 1735; baseline 0 -30"><span class='ocrx_word' id='word_1_112' title='bbox 210 1632 425 1705; x_wconf 77' lang='lat' dir='ltr'>vultu</span> <span class='ocrx_word' id='word_1_113' title='bbox 442 1652 540 1703; x_wconf 88' lang='lat' dir='ltr'>aut</span> <span class='ocrx_word' id='word_1_114' title='bbox 563 1632 763 1729; x_wconf 89' lang='lat' dir='ltr'>pallio</span> <span class='ocrx_word' id='word_1_115' title='bbox 783 1628 1130 1705; x_wconf 77' lang='lat' dir='ltr'>vertissem.</span> <span class='ocrx_word' id='word_1_116' title='bbox 1181 1638 1275 1703; x_wconf 84' lang='lat' dir='ltr'>At</span> <span class='ocrx_word' id='word_1_117' title='bbox 1294 1631 1567 1733; x_wconf 51' lang='lat' dir='ltr'>juveni&amp;</span> <span class='ocrx_word' id='word_1_118' title='bbox 1585 1636 1761 1725; x_wconf 86' lang='lat' dir='ltr'>cujus</span> <span class='ocrx_word' id='word_1_119' title='bbox 1776 1658 1903 1735; x_wconf 87' lang='lat' dir='ltr'>ego</span> <span class='ocrx_word' id='word_1_120' title='bbox 1920 1631 2292 1707; x_wconf 85' lang='lat' dir='ltr'>sermonem</span> 
     </span>
     <span class='ocr_line' id='line_1_16' title="bbox 211 1730 2289 1827; baseline 0.002 -28"><span class='ocrx_word' id='word_1_121' title='bbox 211 1733 444 1827; x_wconf 82' lang='lat' dir='ltr'>paulo</span> <span class='ocrx_word' id='word_1_122' title='bbox 477 1752 628 1802; x_wconf 87' lang='lat' dir='ltr'>ante</span> <span class='ocrx_word' id='word_1_123' title='bbox 661 1755 733 1801; x_wconf 88' lang='lat' dir='ltr'>ca</span> <span class='ocrx_word' id='word_1_124' title='bbox 781 1750 1062 1801; x_wconf 85' lang='lat' dir='ltr'>taveram</span> <span class='ocrx_word' id='word_1_125' title='bbox 1107 1775 1127 1808; x_wconf 84' lang='lat'><strong>‚</strong></span> <span class='ocrx_word' id='word_1_126' title='bbox 1180 1730 1472 1803; x_wconf 83' lang='lat' dir='ltr'>audacius</span> <span class='ocrx_word' id='word_1_127' title='bbox 1505 1731 1583 1804; x_wconf 90' lang='lat' dir='ltr'>ad</span> <span class='ocrx_word' id='word_1_128' title='bbox 1618 1731 2045 1808; x_wconf 84' lang='lat' dir='ltr'>Doromisum</span> <span class='ocrx_word' id='word_1_129' title='bbox 2075 1733 2289 1818; x_wconf 85' lang='lat' dir='ltr'>venit,</span> 
     </span>
     <span class='ocr_line' id='line_1_17' title="bbox 207 1753 2295 1930; baseline 0.002 -32"><span class='ocrx_word' id='word_1_130' title='bbox 207 1825 678 1928; x_wconf 81' lang='lat' dir='ltr'>osculatusque</span> <span class='ocrx_word' id='word_1_131' title='bbox 715 1753 1008 1901; x_wconf 60' lang='lat' dir='ltr'>d&#39;extram</span> <span class='ocrx_word' id='word_1_132' title='bbox 1050 1849 1180 1902; x_wconf 88' lang='lat' dir='ltr'>tam</span> <span class='ocrx_word' id='word_1_133' title='bbox 1221 1825 1523 1916; x_wconf 86' lang='lat' dir='ltr'>felicem,</span> <span class='ocrx_word' id='word_1_134' title='bbox 1578 1830 2295 1930; x_wconf 84' lang='lat' dir='ltr'>lepidiffimisverbisin</span> 
     </span>
     <span class='ocr_line' id='line_1_18' title="bbox 206 1927 2300 2026; baseline 0.001 -28"><span class='ocrx_word' id='word_1_135' title='bbox 206 1927 404 2000; x_wconf 74' lang='lat' dir='ltr'>hunc</span> <span class='ocrx_word' id='word_1_136' title='bbox 438 1930 711 2001; x_wconf 88' lang='lat' dir='ltr'>modum</span> <span class='ocrx_word' id='word_1_137' title='bbox 747 1928 1094 2026; x_wconf 85' lang='lat' dir='ltr'>peroravit.</span> <span class='ocrx_word' id='word_1_138' title='bbox 1148 1931 1238 2002; x_wconf 89' lang='lat' dir='ltr'>Et</span> <span class='ocrx_word' id='word_1_139' title='bbox 1260 1929 1626 2007; x_wconf 83' lang='lat' dir='ltr'>coelestibus</span> <span class='ocrx_word' id='word_1_140' title='bbox 1644 1930 1765 2002; x_wconf 79' lang='lat' dir='ltr'>diis</span> <span class='ocrx_word' id='word_1_141' title='bbox 1783 1976 1805 2015; x_wconf 86' lang='lat'><strong>,</strong></span> <span class='ocrx_word' id='word_1_142' title='bbox 1845 1939 1915 2006; x_wconf 75' lang='grc' dir='ltr'>δι</span> <span class='ocrx_word' id='word_1_143' title='bbox 1933 1931 2164 2005; x_wconf 85' lang='lat' dir='ltr'>nostris</span> <span class='ocrx_word' id='word_1_144' title='bbox 2186 1929 2300 2002; x_wconf 87' lang='lat' dir='ltr'>de·</span> 
     </span>
     <span class='ocr_line' id='line_1_19' title="bbox 215 2025 2291 2128; baseline 0.001 -28"><span class='ocrx_word' id='word_1_145' title='bbox 215 2027 480 2100; x_wconf 83' lang='lat' dir='ltr'>stinatis</span> <span class='ocrx_word' id='word_1_146' title='bbox 522 2025 948 2126; x_wconf 84' lang='lat' dir='ltr'>religionibus</span> <span class='ocrx_word' id='word_1_147' title='bbox 988 2028 1335 2123; x_wconf 88' lang='lat' dir='ltr'>parendum</span> <span class='ocrx_word' id='word_1_148' title='bbox 1372 2027 1485 2101; x_wconf 88' lang='lat' dir='ltr'>est.</span> <span class='ocrx_word' id='word_1_149' title='bbox 1571 2032 1750 2101; x_wconf 83' lang='lat' dir='ltr'>Felix</span> <span class='ocrx_word' id='word_1_150' title='bbox 1788 2055 1983 2128; x_wconf 85' lang='lat' dir='ltr'>quem</span> <span class='ocrx_word' id='word_1_151' title='bbox 2019 2028 2291 2103; x_wconf 77' lang='lat' dir='ltr'>servitus</span> 
     </span>
     <span class='ocr_line' id='line_1_20' title="bbox 219 2124 2296 2227; baseline 0.002 -28"><span class='ocrx_word' id='word_1_152' title='bbox 219 2130 529 2200; x_wconf 80' lang='lat' dir='ltr'>Deorum</span> <span class='ocrx_word' id='word_1_153' title='bbox 549 2129 618 2199; x_wconf 88' lang='lat' dir='ltr'>in</span> <span class='ocrx_word' id='word_1_154' title='bbox 640 2150 855 2201; x_wconf 82' lang='lat' dir='ltr'>veram</span> <span class='ocrx_word' id='word_1_155' title='bbox 871 2124 1235 2198; x_wconf 79' lang='lat' dir='ltr'>libertatem</span> <span class='ocrx_word' id='word_1_156' title='bbox 1256 2124 1680 2227; x_wconf 82' lang='lat' dir='ltr'>afferuit.Ego</span> <span class='ocrx_word' id='word_1_157' title='bbox 1704 2131 2003 2202; x_wconf 76' lang='lat' dir='ltr'>Fortunae</span> <span class='ocrx_word' id='word_1_158' title='bbox 2021 2133 2296 2212; x_wconf 84' lang='lat' dir='ltr'>Numen</span> 
     </span>
     <span class='ocr_line' id='line_1_21' title="bbox 230 2224 2349 2331; baseline 0.004 -36"><span class='ocrx_word' id='word_1_159' title='bbox 230 2229 302 2295; x_wconf 76' lang='grc' dir='ltr'>δε</span> <span class='ocrx_word' id='word_1_160' title='bbox 349 2228 704 2326; x_wconf 87' lang='lat' dir='ltr'>potentiam</span> <span class='ocrx_word' id='word_1_161' title='bbox 745 2225 1170 2327; x_wconf 76' lang='lat' dir='ltr'>Protagonis‚</span> <span class='ocrx_word' id='word_1_162' title='bbox 1214 2248 1405 2325; x_wconf 87' lang='lat' dir='ltr'>teque</span> <span class='ocrx_word' id='word_1_163' title='bbox 1425 2224 1919 2327; x_wconf 82' lang='lat' dir='ltr'>dispensatorem</span> <span class='ocrx_word' id='word_1_164' title='bbox 1943 2227 2291 2331; x_wconf 87' lang='lat' dir='ltr'>utriusque,</span> <span class='ocrx_word' id='word_1_165' title='bbox 2348 2321 2349 2324; x_wconf 8' lang='grc' dir='ltr'><strong>Ἴ</strong></span> 
     </span>
     <span class='ocr_line' id='line_1_22' title="bbox 232 2322 2287 2426; baseline 0.004 -31"><span class='ocrx_word' id='word_1_166' title='bbox 232 2322 483 2426; x_wconf 83' lang='lat' dir='ltr'>semper</span> <span class='ocrx_word' id='word_1_167' title='bbox 499 2328 664 2401; x_wconf 86' lang='lat' dir='ltr'>vetis</span> <span class='ocrx_word' id='word_1_168' title='bbox 681 2325 1033 2398; x_wconf 85' lang='lat' dir='ltr'>honoribus</span> <span class='ocrx_word' id='word_1_169' title='bbox 1054 2327 1275 2412; x_wconf 85' lang='lat' dir='ltr'>colui,</span> <span class='ocrx_word' id='word_1_170' title='bbox 1316 2325 1561 2424; x_wconf 87' lang='lat' dir='ltr'>semper</span> <span class='ocrx_word' id='word_1_171' title='bbox 1578 2330 1645 2400; x_wconf 91' lang='lat' dir='ltr'>in</span> <span class='ocrx_word' id='word_1_172' title='bbox 1667 2326 1976 2403; x_wconf 87' lang='lat' dir='ltr'>familiam</span> <span class='ocrx_word' id='word_1_173' title='bbox 2002 2330 2287 2403; x_wconf 86' lang='lat' dir='ltr'>vestram</span> 
     </span>
     <span class='ocr_line' id='line_1_23' title="bbox 227 2421 2291 2527; baseline 0.003 -33"><span class='ocrx_word' id='word_1_174' title='bbox 227 2429 456 2499; x_wconf 82' lang='lat' dir='ltr'>venire</span> <span class='ocrx_word' id='word_1_175' title='bbox 491 2425 756 2497; x_wconf 80' lang='lat' dir='ltr'>adnixus</span> <span class='ocrx_word' id='word_1_176' title='bbox 794 2421 968 2511; x_wconf 78' lang='lat' dir='ltr'>sum3</span> <span class='ocrx_word' id='word_1_177' title='bbox 1004 2446 1179 2497; x_wconf 87' lang='lat' dir='ltr'>certe</span> <span class='ocrx_word' id='word_1_178' title='bbox 1199 2451 1334 2497; x_wconf 90' lang='lat' dir='ltr'>non</span> <span class='ocrx_word' id='word_1_179' title='bbox 1355 2428 1556 2513; x_wconf 86' lang='lat' dir='ltr'>invita</span> <span class='ocrx_word' id='word_1_180' title='bbox 1571 2433 1892 2514; x_wconf 84' lang='lat' dir='ltr'>Fortuna,</span> <span class='ocrx_word' id='word_1_181' title='bbox 1943 2455 2089 2527; x_wconf 78' lang='lat' dir='ltr'>quae</span> <span class='ocrx_word' id='word_1_182' title='bbox 2121 2429 2291 2501; x_wconf 82' lang='lat' dir='ltr'>mibi</span> 
     </span>
     <span class='ocr_line' id='line_1_24' title="bbox 223 2522 2294 2622; baseline -0 -26"><span class='ocrx_word' id='word_1_183' title='bbox 223 2523 364 2596; x_wconf 85' lang='lat' dir='ltr'>hoc</span> <span class='ocrx_word' id='word_1_184' title='bbox 382 2522 743 2622; x_wconf 82' lang='lat' dir='ltr'>symbolum</span> <span class='ocrx_word' id='word_1_185' title='bbox 764 2523 843 2594; x_wconf 86' lang='lat' dir='ltr'>ad</span> <span class='ocrx_word' id='word_1_186' title='bbox 862 2548 928 2594; x_wconf 91' lang='lat' dir='ltr'>te</span> <span class='ocrx_word' id='word_1_187' title='bbox 949 2524 1151 2607; x_wconf 87' lang='lat' dir='ltr'>dedit,</span> <span class='ocrx_word' id='word_1_188' title='bbox 1169 2547 1238 2596; x_wconf 90' lang='lat' dir='ltr'>ut</span> <span class='ocrx_word' id='word_1_189' title='bbox 1259 2527 1455 2596; x_wconf 88' lang='lat' dir='ltr'>mein</span> <span class='ocrx_word' id='word_1_190' title='bbox 1476 2526 1739 2597; x_wconf 86' lang='lat' dir='ltr'>domum</span> <span class='ocrx_word' id='word_1_191' title='bbox 1759 2523 1927 2597; x_wconf 69' lang='lat' dir='ltr'>suani</span> <span class='ocrx_word' id='word_1_192' title='bbox 1955 2572 1980 2607; x_wconf 87' lang='lat'>‚</span> <span class='ocrx_word' id='word_1_193' title='bbox 2033 2535 2100 2600; x_wconf 78' lang='grc' dir='ltr'>δι</span> <span class='ocrx_word' id='word_1_194' title='bbox 2122 2534 2294 2599; x_wconf 84' lang='lat' dir='ltr'>Pre-</span> 
     </span>
     <span class='ocr_line' id='line_1_25' title="bbox 227 2619 2298 2724; baseline -0 -30"><span class='ocrx_word' id='word_1_195' title='bbox 227 2626 498 2723; x_wconf 83' lang='lat' dir='ltr'>tagonis</span> <span class='ocrx_word' id='word_1_196' title='bbox 537 2624 905 2693; x_wconf 88' lang='lat' dir='ltr'>clientelam</span> <span class='ocrx_word' id='word_1_197' title='bbox 946 2620 1369 2705; x_wconf 81' lang='lat' dir='ltr'>adscriberes,</span> <span class='ocrx_word' id='word_1_198' title='bbox 1409 2630 1478 2696; x_wconf 90' lang='lat'>&amp;</span> <span class='ocrx_word' id='word_1_199' title='bbox 1531 2649 1616 2698; x_wconf 91' lang='lat' dir='ltr'>ne</span> <span class='ocrx_word' id='word_1_200' title='bbox 1634 2625 1829 2724; x_wconf 82' lang='lat' dir='ltr'>gratis</span> <span class='ocrx_word' id='word_1_201' title='bbox 1847 2626 1914 2695; x_wconf 91' lang='lat' dir='ltr'>in</span> <span class='ocrx_word' id='word_1_202' title='bbox 1932 2645 2181 2698; x_wconf 86' lang='lat' dir='ltr'>tantam</span> <span class='ocrx_word' id='word_1_203' title='bbox 2197 2619 2298 2695; x_wconf 83' lang='lat' dir='ltr'>as-</span> 
     </span>
     <span class='ocr_line' id='line_1_26' title="bbox 226 2718 2301 2824; baseline 0.002 -30"><span class='ocrx_word' id='word_1_204' title='bbox 226 2722 571 2795; x_wconf 86' lang='lat' dir='ltr'>cenderim</span> <span class='ocrx_word' id='word_1_205' title='bbox 593 2718 829 2792; x_wconf 88' lang='lat' dir='ltr'>sortem</span> <span class='ocrx_word' id='word_1_206' title='bbox 848 2775 869 2805; x_wconf 86' lang='lat'>‚</span> <span class='ocrx_word' id='word_1_207' title='bbox 918 2723 1166 2821; x_wconf 87' lang='lat' dir='ltr'>utrique</span> <span class='ocrx_word' id='word_1_208' title='bbox 1184 2725 1368 2796; x_wconf 87' lang='lat' dir='ltr'>mille</span> <span class='ocrx_word' id='word_1_209' title='bbox 1381 2723 1604 2824; x_wconf 85' lang='lat' dir='ltr'>pondo</span> <span class='ocrx_word' id='word_1_210' title='bbox 1619 2725 1855 2824; x_wconf 83' lang='lat' dir='ltr'>optimi</span> <span class='ocrx_word' id='word_1_211' title='bbox 1870 2722 2069 2797; x_wconf 86' lang='lat' dir='ltr'>thuris</span> <span class='ocrx_word' id='word_1_212' title='bbox 2090 2746 2301 2799; x_wconf 78' lang='lat' dir='ltr'>annua</span> 
     </span>
     <span class='ocr_line' id='line_1_27' title="bbox 231 2820 2001 2906; baseline -0.006 -11"><span class='ocrx_word' id='word_1_213' title='bbox 231 2822 592 2896; x_wconf 84' lang='lat' dir='ltr'>devotione</span> <span class='ocrx_word' id='word_1_214' title='bbox 616 2820 957 2906; x_wconf 82' lang='lat' dir='ltr'>promitto.</span> <span class='ocrx_word' id='word_1_215' title='bbox 1994 2875 2001 2884; x_wconf 43' lang='grc'><strong>«</strong></span> 
     </span>
    </p>

    <p class='ocr_par' dir='ltr' id='par_1_3' title="bbox 233 2916 2313 3889">
     <span class='ocr_line' id='line_1_28' title="bbox 333 2916 2305 3024; baseline 0 -30"><span class='ocrx_word' id='word_1_216' title='bbox 333 2928 505 2998; x_wconf 83' lang='lat' dir='ltr'>Haec</span> <span class='ocrx_word' id='word_1_217' title='bbox 543 2916 820 3000; x_wconf 82' lang='lat' dir='ltr'>effatus,</span> <span class='ocrx_word' id='word_1_218' title='bbox 866 2918 1154 2996; x_wconf 83' lang='lat' dir='ltr'>occlusos</span> <span class='ocrx_word' id='word_1_219' title='bbox 1193 2922 1451 3021; x_wconf 84' lang='lat' dir='ltr'>diripuit</span> <span class='ocrx_word' id='word_1_220' title='bbox 1504 2921 1714 3012; x_wconf 81' lang='lat' dir='ltr'>linus,</span> <span class='ocrx_word' id='word_1_221' title='bbox 1755 2925 2156 3024; x_wconf 83' lang='lat' dir='ltr'>extraxitque</span> <span class='ocrx_word' id='word_1_222' title='bbox 2172 2922 2305 2997; x_wconf 59' lang='lat' dir='ltr'>mii</span> 
     </span>
     <span class='ocr_line' id='line_1_29' title="bbox 234 3018 2301 3124; baseline -0.002 -28"><span class='ocrx_word' id='word_1_223' title='bbox 234 3022 519 3097; x_wconf 81' lang='lat' dir='ltr'>rantibus</span> <span class='ocrx_word' id='word_1_224' title='bbox 542 3019 734 3091; x_wconf 87' lang='lat' dir='ltr'>nobis</span> <span class='ocrx_word' id='word_1_225' title='bbox 755 3018 888 3091; x_wconf 81' lang='lat' dir='ltr'>deae</span> <span class='ocrx_word' id='word_1_226' title='bbox 913 3023 1205 3092; x_wconf 83' lang='lat' dir='ltr'>Fortunae</span> <span class='ocrx_word' id='word_1_227' title='bbox 1228 3023 1497 3122; x_wconf 73' lang='lat' dir='ltr'>lignum.</span> <span class='ocrx_word' id='word_1_228' title='bbox 1554 3028 1714 3097; x_wconf 87' lang='lat' dir='ltr'>Erat</span> <span class='ocrx_word' id='word_1_229' title='bbox 1734 3027 1955 3124; x_wconf 65' lang='lat' dir='ltr'>imago</span> <span class='ocrx_word' id='word_1_230' title='bbox 1972 3032 2168 3098; x_wconf 88' lang='lat' dir='ltr'>Prota</span> <span class='ocrx_word' id='word_1_231' title='bbox 2219 3048 2301 3091; x_wconf 77' lang='lat' dir='ltr'>o-</span> 
     </span>
     <span class='ocr_line' id='line_1_30' title="bbox 237 3119 2301 3220; baseline -0.002 -26"><span class='ocrx_word' id='word_1_232' title='bbox 237 3124 340 3194; x_wconf 86' lang='lat' dir='ltr'>nis</span> <span class='ocrx_word' id='word_1_233' title='bbox 354 3173 379 3210; x_wconf 87' lang='lat'>‚</span> <span class='ocrx_word' id='word_1_234' title='bbox 405 3147 488 3192; x_wconf 80' lang='lat' dir='ltr'>ex</span> <span class='ocrx_word' id='word_1_235' title='bbox 506 3145 693 3192; x_wconf 88' lang='lat' dir='ltr'>aurea</span> <span class='ocrx_word' id='word_1_236' title='bbox 712 3121 987 3216; x_wconf 88' lang='lat' dir='ltr'>planicie</span> <span class='ocrx_word' id='word_1_237' title='bbox 1008 3145 1323 3220; x_wconf 84' lang='lat' dir='ltr'>exurgens</span> <span class='ocrx_word' id='word_1_238' title='bbox 1340 3168 1363 3204; x_wconf 89' lang='lat'>‚</span> <span class='ocrx_word' id='word_1_239' title='bbox 1385 3124 1449 3195; x_wconf 91' lang='lat' dir='ltr'>in</span> <span class='ocrx_word' id='word_1_240' title='bbox 1469 3125 1640 3216; x_wconf 85' lang='lat' dir='ltr'>cujus</span> <span class='ocrx_word' id='word_1_241' title='bbox 1662 3124 1928 3195; x_wconf 83' lang='lat' dir='ltr'>dextera</span> <span class='ocrx_word' id='word_1_242' title='bbox 1948 3140 2128 3220; x_wconf 87' lang='lat' dir='ltr'>parte</span> <span class='ocrx_word' id='word_1_243' title='bbox 2171 3119 2301 3190; x_wconf 88' lang='lat' dir='ltr'>cri—</span> 
     </span>
     <span class='ocr_line' id='line_1_31' title="bbox 248 3216 2299 3319; baseline -0 -29"><span class='ocrx_word' id='word_1_244' title='bbox 248 3243 433 3318; x_wconf 89' lang='lat' dir='ltr'>ptum</span> <span class='ocrx_word' id='word_1_245' title='bbox 469 3241 644 3301; x_wconf 87' lang='lat' dir='ltr'>erat,</span> <span class='ocrx_word' id='word_1_246' title='bbox 695 3224 940 3301; x_wconf 82' lang='lat' dir='ltr'>Decies,</span> <span class='ocrx_word' id='word_1_247' title='bbox 975 3219 1044 3292; x_wconf 88' lang='lat' dir='ltr'>in</span> <span class='ocrx_word' id='word_1_248' title='bbox 1083 3219 1321 3293; x_wconf 75' lang='lat' dir='ltr'>sinistra</span> <span class='ocrx_word' id='word_1_249' title='bbox 1341 3245 1537 3308; x_wconf 82' lang='lat' dir='ltr'>vero,</span> <span class='ocrx_word' id='word_1_250' title='bbox 1570 3225 1748 3296; x_wconf 80' lang='lat' dir='ltr'>mille.</span> <span class='ocrx_word' id='word_1_251' title='bbox 1802 3222 2155 3319; x_wconf 88' lang='lat' dir='ltr'>Nunquam</span> <span class='ocrx_word' id='word_1_252' title='bbox 2179 3216 2299 3290; x_wconf 82' lang='lat' dir='ltr'>hu-</span> 
     </span>
     <span class='ocr_line' id='line_1_32' title="bbox 246 3315 2300 3418; baseline -0.001 -26"><span class='ocrx_word' id='word_1_253' title='bbox 246 3319 510 3393; x_wconf 84' lang='lat' dir='ltr'>manior</span> <span class='ocrx_word' id='word_1_254' title='bbox 547 3318 930 3391; x_wconf 84' lang='lat' dir='ltr'>Doromisus</span> <span class='ocrx_word' id='word_1_255' title='bbox 952 3367 974 3401; x_wconf 89' lang='lat'>,</span> <span class='ocrx_word' id='word_1_256' title='bbox 1031 3341 1100 3390; x_wconf 91' lang='lat' dir='ltr'>ut</span> <span class='ocrx_word' id='word_1_257' title='bbox 1138 3319 1358 3418; x_wconf 87' lang='lat' dir='ltr'>postea</span> <span class='ocrx_word' id='word_1_258' title='bbox 1390 3322 1871 3404; x_wconf 72' lang='lat' dir='ltr'>intelleximu3‚</span> <span class='ocrx_word' id='word_1_259' title='bbox 1906 3315 2046 3391; x_wconf 88' lang='lat' dir='ltr'>fuit.</span> <span class='ocrx_word' id='word_1_260' title='bbox 2121 3340 2300 3390; x_wconf 85' lang='lat' dir='ltr'>certe</span> 
     </span>
     <span class='ocr_line' id='line_1_33' title="bbox 244 3416 2305 3519; baseline 0 -31"><span class='ocrx_word' id='word_1_261' title='bbox 244 3417 541 3519; x_wconf 83' lang='lat' dir='ltr'>porrexit</span> <span class='ocrx_word' id='word_1_262' title='bbox 564 3418 776 3509; x_wconf 84' lang='lat' dir='ltr'>juveni</span> <span class='ocrx_word' id='word_1_263' title='bbox 796 3445 1051 3494; x_wconf 87' lang='lat' dir='ltr'>manum</span> <span class='ocrx_word' id='word_1_264' title='bbox 1075 3466 1099 3505; x_wconf 88' lang='lat'><strong>‚</strong></span> <span class='ocrx_word' id='word_1_265' title='bbox 1144 3429 1212 3493; x_wconf 78' lang='grc' dir='ltr'>δε</span> <span class='ocrx_word' id='word_1_266' title='bbox 1233 3424 1581 3517; x_wconf 80' lang='lat' dir='ltr'>gratulatus</span> <span class='ocrx_word' id='word_1_267' title='bbox 1598 3416 1693 3490; x_wconf 88' lang='lat' dir='ltr'>est</span> <span class='ocrx_word' id='word_1_268' title='bbox 1708 3417 1791 3488; x_wconf 87' lang='lat' dir='ltr'>de</span> <span class='ocrx_word' id='word_1_269' title='bbox 1808 3418 2022 3491; x_wconf 88' lang='lat' dir='ltr'>indole</span> <span class='ocrx_word' id='word_1_270' title='bbox 2042 3468 2069 3505; x_wconf 85' lang='lat'>‚</span> <span class='ocrx_word' id='word_1_271' title='bbox 2106 3423 2173 3493; x_wconf 85' lang='lat'>&amp;</span> <span class='ocrx_word' id='word_1_272' title='bbox 2199 3420 2305 3489; x_wconf 90' lang='lat' dir='ltr'>in-</span> 
     </span>
     <span class='ocr_line' id='line_1_34' title="bbox 233 3515 2303 3620; baseline -0 -31"><span class='ocrx_word' id='word_1_273' title='bbox 233 3520 449 3620; x_wconf 85' lang='lat' dir='ltr'>genio</span> <span class='ocrx_word' id='word_1_274' title='bbox 471 3566 495 3601; x_wconf 89' lang='lat'>,</span> <span class='ocrx_word' id='word_1_275' title='bbox 528 3515 735 3616; x_wconf 89' lang='lat' dir='ltr'>deque</span> <span class='ocrx_word' id='word_1_276' title='bbox 773 3521 1017 3591; x_wconf 84' lang='lat' dir='ltr'>caetetis</span> <span class='ocrx_word' id='word_1_277' title='bbox 1038 3519 1419 3615; x_wconf 65' lang='lat' dir='ltr'>virtutibus&#39;,</span> <span class='ocrx_word' id='word_1_278' title='bbox 1469 3544 1625 3618; x_wconf 84' lang='lat' dir='ltr'>quas</span> <span class='ocrx_word' id='word_1_279' title='bbox 1643 3517 1870 3589; x_wconf 83' lang='lat' dir='ltr'>omnes</span> <span class='ocrx_word' id='word_1_280' title='bbox 1890 3519 1956 3592; x_wconf 90' lang='lat' dir='ltr'>in</span> <span class='ocrx_word' id='word_1_281' title='bbox 1976 3519 2104 3590; x_wconf 88' lang='lat' dir='ltr'>hoc</span> <span class='ocrx_word' id='word_1_282' title='bbox 2125 3519 2303 3619; x_wconf 86' lang='lat' dir='ltr'>lege-</span> 
     </span>
     <span class='ocr_line' id='line_1_35' title="bbox 235 3615 2306 3719; baseline -0.002 -27"><span class='ocrx_word' id='word_1_283' title='bbox 235 3641 341 3692; x_wconf 82' lang='lat' dir='ltr'>rat</span> <span class='ocrx_word' id='word_1_284' title='bbox 377 3642 570 3696; x_wconf 84' lang='lat' dir='ltr'>auto,</span> <span class='ocrx_word' id='word_1_285' title='bbox 613 3616 1055 3716; x_wconf 85' lang='lat' dir='ltr'>advocatoque</span> <span class='ocrx_word' id='word_1_286' title='bbox 1074 3615 1314 3699; x_wconf 84' lang='lat' dir='ltr'>scriba,</span> <span class='ocrx_word' id='word_1_287' title='bbox 1352 3616 2082 3719; x_wconf 77' lang='lat' dir='ltr'>publicisinslrumentis</span> <span class='ocrx_word' id='word_1_288' title='bbox 2104 3615 2306 3690; x_wconf 76' lang='lat' dir='ltr'>sacer·</span> 
     </span>
     <span class='ocr_line' id='line_1_36' title="bbox 233 3718 2313 3889; baseline 0 -97"><span class='ocrx_word' id='word_1_289' title='bbox 233 3718 503 3821; x_wconf 81' lang='lat' dir='ltr'>dotium</span> <span class='ocrx_word' id='word_1_290' title='bbox 523 3741 670 3792; x_wconf 84' lang='lat' dir='ltr'>cum</span> <span class='ocrx_word' id='word_1_291' title='bbox 687 3718 994 3793; x_wconf 86' lang='lat' dir='ltr'>tribunali</span> <span class='ocrx_word' id='word_1_292' title='bbox 1010 3719 1145 3824; x_wconf 77' lang='lat' dir='ltr'>dati</span> <span class='ocrx_word' id='word_1_293' title='bbox 1162 3718 1359 3820; x_wconf 81' lang='lat' dir='ltr'>juffit.</span> <span class='ocrx_word' id='word_1_294' title='bbox 2157 3817 2207 3889; x_wconf 64' lang='lat' dir='ltr'>P</span> <span class='ocrx_word' id='word_1_295' title='bbox 2260 3812 2313 3886; x_wconf 75' lang='lat' dir='ltr'>st</span> 
     </span>
    </p>

    <p class='ocr_par' dir='ltr' id='par_1_4' title="bbox 1277 3820 2252 3898">
     <span class='ocr_line' id='line_1_37' title="bbox 1277 3820 2252 3898; baseline 0 -8"><span class='ocrx_word' id='word_1_296' title='bbox 1277 3820 1353 3890; x_wconf 91' lang='lat' dir='ltr'>O</span> <span class='ocrx_word' id='word_1_297' title='bbox 2073 3889 2081 3898; x_wconf 83' lang='grc'>,</span> <span class='ocrx_word' id='word_1_298' title='bbox 2211 3840 2252 3882; x_wconf 84' lang='lat' dir='ltr'>o</span> 
     </span>
    </p>
   </div>
  </div>
 </body>
</html>
