2738 4475
867 282 1630 355 Paaslv.
1985 301 2272 381 *4¹¹

234 429 417 481 tuens
440 454 465 492 ‚
504 405 687 492 (nam
721 398 778 474 is
813 401 980 473 illius
1020 402 1171 473 aulae
1194 401 1475 501 cibisque
1498 399 1867 495 afl‘ueverat)
1926 401 2055 476 Vis
2074 426 2281 474 autem

238 516 304 582 &
326 530 393 579 tu
412 556 433 590 ,
455 506 670 605 inquit
689 491 710 582 ,’
732 498 1109 573 sententiam
1127 499 1343 574 dicere
1360 506 1443 573 de
1458 499 1889 575 herciscundae
1907 497 2172 575 familiae
2190 528 2286 575 re-

236 605 403 679 bus?
446 611 542 678 At
580 605 690 675 ille
714 632 737 693 3
773 605 860 674 Et
893 601 1159 698 quidni,
1196 602 1409 699 inquit
1424 648 1446 682 ‚
1488 601 1680 673 velim
1704 606 1734 670 ἓ
1771 604 2291 698 Expefi’averant

236 730 465 780 omnes
486 703 563 774 ab
582 722 837 775 amente
854 698 1350 797 ridiculileporis
1378 700 1796 774 venustatem.
1832 709 1860 772 1
1916 703 2042 773 itur
2061 721 2291 801 rogare

238 805 639 903 perseverant
657 849 680 886 ‚
696 824 778 873 ne
800 801 868 870 in
889 820 1069 873 tanta
1089 824 1156 872 re
1173 797 1349 874 suum
1367 797 1697 873 confilium
1715 728 1920 872 deesse
1940 823 2280 900 pareretur.

238 905 372 977 Sed
404 900 535 999 ipse
575 899 846 1002 negabat
867 947 891 985 ‚
928 899 1045 973 nifi
1080 899 1269 982 vestis
1289 901 1544 1000 qualem
1563 895 1916 998 jurisperiti
1937 900 2290 975 induebant

242 1003 358 1076 fibi
373 1003 640 1087 daretur,
662 1022 851 1073 tantae
876 996 1326 1072 consultationi
1346 998 1594 1071 misceri
1616 1029 1638 1087 3
1673 1023 1819 1072 cum
1837 1002 1944 1072 illa
1963 999 2289 1098 se-sapien·

239 1104 396 1174 tiam
428 1103 553 1174 effe
587 1099 1004 1199 sumpturum.
1076 1100 1365 1174 Hilarior
1449 1101 1629 1187 enius
1665 1123 1896 1172 omnes
1929 1099 2237 1186 invaserat
2260 1121 2281 1178 ὲ

238 1203 437 1275 Adeo
455 1222 524 1272 ut
541 1198 729 1300 ipsius
750 1225 1009 1299 quoque
1026 1197 1374 1287 herus,non
1394 1127 1525 1270 line
1543 1199 1829 1272 maximo
1846 1199 1990 1288 risu,
2010 1201 2284 1293 juberet,

235 1301 319 1374 de
338 1326 504 1402 penu
527 1301 628 1372 sua
653 1299 917 1398 produci
938 1297 1252 1373 suffultam
1274 1298 1547 1398 pellibus
1567 1319 1788 1399 togam
1807 1352 1831 1388 ‚
1852 1302 2162 1402 injicique
2180 1329 2288 1374 cu-

234 1402 461 1499 pienti.
542 1406 756 1494 Qam
771 1421 839 1470 ut
859 1400 969 1470 ille
988 1394 1233 1471 curiose
1250 1397 1498 1495 aptavit
1518 1446 1542 1483 ,
1592 1398 1689 1470 bis
1702 1422 1930 1501 terque
1947 1404 2288 1498 per-tricli-

235 1502 417 1571 nium
435 1495 734 1595 spatiatus
755 1541 778 1575 ‚
815 1521 1041 1595 rogare
1060 1497 1398 1568 dominum
1415 1498 1622 1595 coepit
1636 1547 1661 1585 ,
1696 1525 1769 1571 ec
1821 1500 1930 1572 uid
1959 1499 2023 1571 se
2041 1501 2149 1572 illa
2169 1525 2282 1572 ve-

238 1597 356 1669 stis
374 1598 672 1668 deceret?
715 1597 1020 1690 Egregie,
1041 1595 1278 1694 inquit,
1302 1592 1406 1668 sed
1426 1593 1694 1693 superest
1712 1620 1782 1670 ut
1853 1602 1904 1671 is
1923 1599 2283 1698 rebus‚quae

239 1698 413 1767 inter
434 1718 554 1762 nos
571 1694 910 1791 agitantur,
935 1713 1039 1763 tua
1054 1690 1356 1792 sapientia
1379 1694 1641 1767 modum
1660 1697 1966 1794 imponat.
2007 1701 2128 1770 lile
2143 1700 2287 1769 bre—

244 1817 397 1865 vem
418 1792 485 1863 in
504 1789 568 1864 se
586 1816 831 1863 moram
852 1788 976 1862 esse
995 1791 1416 1892 respondit,in
1439 1796 1797 1889 proximum
1818 1798 2122 1871 conclave
2142 1822 2290 1895 pau·

236 1888 435 1988 lisper
448 1889 795 1963 abiturum:
850 1891 984 1961 illic
1022 1889 1085 1962 se
1120 1894 1405 1964 melioris
1424 1894 1744 1991 sapientiae
1765 1892 2015 1989 spiritus
2034 1898 2111 1967 ad
2130 1922 2291 1967 con·-

236 1992 442 2079 silium
465 1987 767 2061 arcessere
788 1991 970 2061 velle.
1048 1995 1224 2064 Cum
1247 2016 1329 2062 eo
1345 1988 1679 2065 seceffifl'et
1700 2044 1721 2077 ‚
1744 1994 2004 2066 adduxit
2025 2018 2291 2091 repente

234 2089 470 2162 ostium
495 2137 516 2170 ‚
569 2113 652 2160 ne
706 2090 847 2187 quis
887 2087 1123 2161 arbiter
1161 2091 1462 2188 prudenti
1498 2094 1799 2189 nequitiae
1834 2096 2248 2165 interveniret
2268 2128 2292 2184 ς

231 2191 535 2285 exuitque
553 2190 726 2261 illam
748 2212 970 2288 togam
991 2239 1014 2276 ‚
1036 2199 1103 2263 δε
1120 2192 1412 2290 gladiolo
1430 2237 1452 2272 ‚
1479 2216 1619 2289 ⁴quo
1634 2212 1768 2262 erat
1784 2195 2107 2265 accinffitus
2129 2243 2151 2279 ‚
2205 2195 2285 2266 ab

229 2289 510 2367 humeris
530 2288 607 2360 ad
628 2288 946 2362 fimbriam
968 2292 1032 2361 iu
1052 2294 1280 2390 longas
1303 2301 1367 2364 &
1387 2291 1585 2362 exiles
1607 2315 1814 2388 partes
1834 2290 2135 2365 exsecuit.
2175 2301 2278 2366 lta

224 2390 497 2460 laceram
520 2415 663 2459 cum
684 2388 792 2459 (ibi
809 2392 1042 2459 iterum
1065 2389 1381 2481 injecisset
1399 2448 1418 2475 ‚
1455 2389 1685 2462 reserat
1709 2387 1875 2463 fores
1898 2450 1918 2477 ,
1945 2396 2279 2489 pervenit-

281 2513 357 2558 ue
376 2486 458 2559 ad
479 2488 845 2568 dominum,
868 2496 932 2559 &
955 2490 1187 2559 intueri
1204 2488 1403 2560 rursus
1428 2491 1602 2580 jubet
1622 2517 1811 2586 quam
1830 2514 2088 2561 ornatus
2108 2494 2288 2561 ince-

229 2515 449 2658 deret.
502 2585 835 2657 Iracundia
851 2588 1048 2656 arcuit
1064 2585 1283 2669 risum,
1305 2591 1453 2688 quia
1471 2587 1755 2688 preciosa
1774 2612 1912 2659 erat
1933 2589 2124 2657 vestis
2141 2614 2285 2687 quat
2305 2627 2318 2639 ·

237 2688 333 2757 ita
353 2687 421 2756 in
441 2704 654 2781 partes
677 2684 965 2778 perierat,
989 2693 1055 2758 Bc
1074 2733 1096 2766 ‚
1119 2689 1191 2758 Ο
1211 2707 1279 2758 te
1301 2689 1644 2761 vecordem
1663 2744 1685 2772 ,
1711 2690 1918 2785 inquit
1935 2734 1955 2768 ‚
1981 2685 2286 2785 flagellis·

244 2809 372 2878 que
392 2781 811 2854 scindendum
840 2784 857 2854 Ι
902 2784 1061 2856 nihil
1082 2811 1235 2858 vero
1255 2786 1520 2859 timuisti
1540 2787 1879 2860 dominicae
1900 2785 2057 2858 vesti
2079 2784 2284 2859 furio-

188 2912 191 2919 ·
241 2883 335 2958 sas
359 2908 581 2955 manus
602 2878 827 2953 afferre
844 2884 873 2954 ?
893 2886 1130 2983 Neque
1149 2886 1258 2956 ille
1278 2888 1655 2958 conterritus
1675 2934 1696 2967 ,
1736 2888 2104 2960 Ridiculum
2127 2938 2151 2973 ,
2185 2889 2289 2959 in-

241 2987 380 3086 quit
402 3031 426 3065 ‚
465 3008 613 3054 cum
651 2973 768 3055 vos
787 2985 997 3052 multo
1018 2983 1424 3082 periculosius
1444 2984 1759 3058 insaniatis
1779 3043 1800 3071 ‚
1853 3008 1987 3057 tam
2005 2988 2288 3085 graviter

242 3085 403 3156 mihi
424 3080 623 3154 irasci.
694 3086 862 3153 Haec
898 3081 994 3153 est
1034 3084 1250 3157 vestrae
1285 3083 1561 3158 fortunae
1600 3087 1816 3183 imago
1853 3109 2041 3181 quam
2077 3084 2279 3167 indui,

243 3185 576 3280 multoque
592 3179 881 3255 stolidius
900 3187 1285 3257 Saxonicum
1307 3186 1746 3279 Principatum
1767 3183 2057 3274 perditis,
2092 3207 2285 3278 quam

242 3306 374 3380 ego
392 3281 555 3351 hanc
577 3301 819 3380 togam.
872 3285 1232 3356 Incolumis
1251 3309 1352 3356 me
1373 3282 1671 3366 decebat,
1692 3279 1917 3352 ridetis
1908 3304 2029 3377 que
2052 3278 2288 3352 discer-

246 3402 451 3478 ptam.
506 3386 604 3450 lta
621 3383 892 3452 Saxonia
909 3384 1162 3481 integro
1183 3385 1457 3480 cofpore
1473 3383 1649 3479 viget
1674 3427 1695 3462 ,
1740 3380 1930 3449 armis
1969 3387 2035 3452 δι
2057 3380 2287 3478 opibus

245 3481 463 3580 gravis
486 3508 503 3549 ε
557 3503 702 3549 cum
719 3504 857 3550 eam
880 3507 992 3577 per
1010 3505 1220 3580 partes
1232 3482 1669 3553 laceraveritis
1687 3528 1710 3564 ‚
1747 3500 1942 3549 nemo
1961 3480 2292 3577 pristinam

249 3579 638 3675 dignitatem
662 3582 1018 3677 agnoverit.
2025 3623 2032 3627 ·

354 3681 836 3750 Germanorum
874 3679 1241 3774 Principum
1261 3675 1504 3749 divitia:
1520 3733 1541 3763 ‚
1582 3696 1811 3774 praeter
1828 3676 2071 3775 aliquot
2087 3681 2298 3753 veffi-

252 3781 422 3880 galia
444 3824 466 3860 ‚
486 3799 589 3849 aut
611 3777 861 3865 tributa,
884 3780 1260 3878 plerumque
1278 3802 1357 3849 ex
1377 3776 1674 3877 gregibus
1692 3775 2114 3878 armentisque
2131 3777 2298 3854 sunta

2157 3902 2294 3975 agri
