2738 4475
1002 259 1086 347 P·
1164 299 1213 349 A
1316 290 1508 348 ιη’,
1601 274 1747 348 11:
2190 298 2363 372 ·151

328 410 541 484 Semel
579 407 748 481 mihi
780 404 1208 480 controverfia
1237 401 1354 477 fuit
1373 465 1394 491 ‚
1428 431 1621 505 quam
1654 398 1966 501 componi
1989 401 2372 500 perJudicea

320 511 607 587 vellem,
648 533 799 580 cum
830 532 1057 580 omnes
1094 505 1575 605 interpellarent
1610 503 1955 576 stultitiam
1980 525 2229 588 meam,
2265 509 2355 584 δι.

314 607 502 706 quod
534 632 703 679 nunc
738 606 856 678 tibi
891 606 1251 695 vaticinor,
1290 604 1455 676 mihi
1485 607 1861 704 plerumque
1887 603 2361 674 minitarentur.

317 706 570 778 Audies
591 754 613 787 ,
637 706 777 776 ‘hos
768 730 877 803 pes
896 755 918 788 ,
940 730 1076 778 rem
1097 704 1541 776 admirabilem
1561 760 1581 788 ‚
1604 711 1666 775 &
1686 730 1824 803 quae
1841 724 1909 774 te
1924 727 2058 772 non
2081 703 2214 771 alio
2229 697 2361 770 stu-

321 830 490 901 pore
519 805 1019 886 circumfundat‚
1058 829 1248 902 quarn
1286 826 1353 872 ut
1394 828 1669 902 qnaeras,
1703 830 1861 875 num
1883 828 1965 874 eo
1995 799 2192 899 usque
2208 824 2357 897 per-

320 905 544 1003 tigerit
575 907 946 978 mortalium
981 902 1200 976 scelus.
1255 906 1455 976 Eram
1491 899 1689 1000 paffus
1719 915 1998 975 atroc'em
2030 900 2111 971 ab
2139 899 2357 973 amico

323 1002 659 1093 injuriam,
716 1005 831 1105 qui
861 1004 1069 1102 epulis
1102 1003 1398 1082 obrutus,
1442 1001 1779 1101 postquam
1811 1003 2156 1099 appellavit
2187 1023 2352 1068 con-

312 1100 659 1180 tumeliose
681 1160 702 1187 ,
738 1105 936 1177 etiam
955 1105 1226 1203 graviter
1259 1103 1678 1186 multaverat,
1715 1099 2208 1172 immiffoinmc
2224 1093 2356 1167 ser·

305 1201 517 1286 vitio,
547 1202 991 1300 dentemque,
1031 1227 1111 1273 ne
1143 1204 1386 1273 nullum
1408 1198 1561 1272 effer
1577 1198 1825 1272 sceleris
1846 1199 2189 1300 vestigium
2210 1252 2233 1281 ,
2271 1193 2359 1267 ab

299 1323 420 1370 ore
436 1300 825 1373 excusserat.
885 1303 1062 1387 Quid
1084 1301 1352 1371 multis?
1384 1303 1652 1372 conveni
1668 1303 1731 1371 in
1749 1299 1993 1394 judicio
2011 1328 2029 1370 r
2048 1297 2222 1397 elegi
2242 1314 2360 1394 pai-

299 1418 588 1471 tronum
611 1402 725 1498 qui
752 1425 897 1470 cum
927 1397 1347 1471 disertissimis
1367 1397 1639 1471 certabat
1659 1446 1684 1480 ‚
1714 1425 1834 1471 nec
1854 1399 2111 1495 corpori
2132 1418 2359 1495 parce-

295 1495 468 1567 bam
489 1543 517 1575 ‚
555 1522 682 1569 nec
707 1500 1014 1593 pecuniae.
1047 1497 1188 1570 ¹Sed
1207 1496 1336 1565 hoc
1354 1496 1511 1567 mihi
1528 1499 1746 1569 nocuit
1760 1543 1783 1577 ,
1814 1497 1986 1596 quod
2004 1496 2359 1567 incideram

276 1594 373 1665 ‘in
387 1596 793 1692 opulentum
807 1594 1054 1666 hostem
1071 1642 1093 1675 ,
1113 1596 1223 1691 qui
1240 1596 1785 1692 praevaricatorem
1800 1598 2219 1694 turpiffimum
2245 1595 2361 1681 (il-

309 1692 469 1763 lum
495 1737 519 1771 ‚
556 1693 864 1794 inquam,
900 1694 1004 1790 qui
1042 1693 1198 1764 mihi
1222 1693 1592 1763 Advocatus
1627 1704 1789 1788 erat)
1827 1694 2359 1767 duobus-talentis

280 1805 288 1811 ’
315 1791 500 1862 emit
525 1815 552 1873 ς
587 1813 655 1862 ut
688 1815 819 1861 non
843 1791 1105 1888 amplius
1123 1790 1232 1863 n'rfi
1255 1789 1360 1864 fita
1379 1817 1543 1862 voce
1559 1797 1941 1891 loquetetur.
1990 1794 2365 1892 Languebat

310 1893 644 1964 Oratoris
667 1892 797 1962 mei
814 1884 1132 1973 facundia,
1142 1894 1400 1991 quoties
1420 1891 1754 1982 jubebatur
1770 1917 1889 1990 pro
1907 1916 2011 1964 me
2029 1894 2235 1992 loqui,
2245 1916 2368 1963 nce

303 1985 664 2061 sententia·
683 1986 1132 2087 sequebantur,
1147 2014 1265 2061 nee
1285 2013 1474 2088 paene
1490 1991 1900 2064 cohaerebant
1923 1991 2108 2062 verba
2131 2020 2148 2065 r
2170 1992 2371 2092 utJu·

307 2086 497 2160 dices
542 2092 959 2188 eloquentem
996 2087 1337 2160 hominem
1360 2090 1694 2163 crederent
1714 2115 1850 2164 non
1867 2093 2134 2164 naturali
2171 2095 2356 2182 vitio,

323 2185 433 2259 sed
458 2187 658 2262 causae
677 2185 1057 2261 infirmitate
1074 2185 1415 2261 l'abafcere.

415 2291 595 2360 Cum
629 2290 825 2387 igitur
838 2288 875 2359 s
870 2312 1014 2385 pem
1038 2313 1251 2360 meam
1269 2288 1491 2359 multis
1509 2287 1917 2362 dilationibus'
1936 2288 2356 2378 frustraretur,

314 2389 588 2459 tandem
624 2389 865 2458 cxaffis
896 2389 1138 2487 aliquot
1170 2387 1355 2457 annis
1389 2385 1693 2469 restabat,
1725 2412 1792 2459 ut
1810 2392 2101 2487 quaefitor
2118 2395 2352 2492 aliquis

300 2487 800 2578 pronunciaret.
855 2495 940 2560 At
951 2488 1060 2556 ille
1076 2482 1346 2559 nefarius
1368 2536 1392 2572 ,
1424 2482 1742 2582 suspeetos
1767 2489 1925 2559 mihi
1946 2493 2254 2587 plurimos
2274 2516 2358 2562 ex

316 2583 402 2650 iis
422 2586 538 2682 qui
553 2583 853 2652 sedebant
869 2587 934 2652 in
950 2582 1123 2654 causa
1142 2586 1382 2676 judices
1404 2586 1755 2684 proclamat
1775 2613 1794 2657 .·
1833 2611 1902 2654 ac
1919 2610 1985 2654 ut
2003 2589 2071 2655 in
2088 2612 2195 2658 mc
2212 2614 2363 2658 mo-

327 2703 515 2750 veret
537 2680 755 2751 odium
781 2725 802 2758 ‚
851 2704 1088 2778 quanto
1106 2708 1231 2753 non
1247 2685 1540 2754 laborant
1558 2684 1991 2757 nocentiffimi
2010 2686 2095 2755 rei
2114 2735 2134 2765 ‚
2192 2688 2361 2784 petit

328 2798 401 2848 ut
435 2777 639 2848 sanffl
671 2780 905 2876 quique
931 2779 1200 2879 Judices
1231 2784 1615 2853 nominatim
1649 2783 1960 2855 excedant
1991 2811 2015 2854 r
2065 2786 2131 2857 id
2170 2788 2207 2861 ὲ
2249 2811 2360 2859 me

321 2876 695 2950 mandatum
748 2876 1129 2976 iniquiffima
1177 2878 1633 2953 vociferatione
1686 2880 1994 2956 firmabat.
2071 2886 2356 2959 Aberam

316 2980 502 3049 unius
521 2977 651 3048 diei
667 2978 899 3049 itinere
919 3025 943 3059 ‚
995 3003 1143 3050 cum
1160 2980 1280 3052 hoc
1302 3005 1415 3078 per
1435 2981 1623 3053 amici
1639 2984 1845 3055 literas
1864 2984 2232 3062 nunciatum
2255 3010 2359 3055 re-

321 3077 535 3149 ditum
575 3101 793 3147 meum
829 3079 896 3146 in
937 3077 1158 3149 urbem
1206 3100 1454 3151 tantum
1494 3107 1625 3153 non
1662 3084 2107 3177 praecipitavit.
2166 3082 2360 3154 Nihil

321 3176 681 3269 expeditius
722 3174 1096 3257 videbatuu
1129 3203 1318 3274 quam
1355 3203 1421 3248 ut
1464 3180 1631 3250 hunc
1653 3181 1917 3274 probare
1938 3175 2178 3274 possem
2201 3177 2358 3252 dolo

322 3275 503 3344 malo
529 3272 947 3346 intervertisse
980 3272 1174 3346 causae
1213 3302 1374 3347 meat
1409 3274 1688 3360 famarm
1741 3301 1811 3345 ac
1847 3276 2246 3350 cumdeinde
2264 3277 2363 3351 se-

300 3370 582 3472 'quester
599 3419 623 3452 ,
668 3372 745 3443 de
764 3376 938 3466 cujus
962 3400 1147 3447 nianu
1162 3363 1402 3445 talenta
1415 3375 1549 3446 duo
1566 3372 1645 3443 ab
1661 3373 2009 3446 adverstrio
2027 3401 2171 3448 meo
2191 3378 2365 3453 sum-

314 3467 536 3573 pserat
556 3519 580 3550 ,
628 3473 1009 3569 interpositis
1042 3474 1401 3544 inimicitiis
1421 3520 1442 3550 ,
1482 3499 1619 3542 rem
1642 3472 1717 3541 ad
1743 3497 1843 3543 me
1872 3474 2194 3547 *detulifl‘et
2217 3533 2236 3562 ,
2291 3479 2364 3553 in

310 3574 422 3665 jus
457 3595 682 3643 vocare
720 3571 1061 3645 hominem
1093 3617 1116 3653 ‚
1172 3579 1240 3644 &
1295 3571 1843 3670 praevaricationis
1871 3571 2157 3647 accusare
2188 3574 2367 3649 ausus

2206 3674 2370 3747 sum.

303 3768 507 3822 finrrosn
543 3770 686 3820 currit
729 3769 926 3821 flexibus
953 3802 972 3848 3
1027 3785 1083 3820 ut
1117 3766 1234 3837 saepe
1267 3767 1325 3817 ad
1353 3768 1624 3886 [liquitatcs
1661 3779 1823 3819 omnen
1856 3770 2135 3823 Mandros
2171 3775 2372 3839 appello·

295 3841 501 3901 fencem
550 3837 996 3892 credam-teverti,
1046 3838 1196 3891 unde
1239 3834 1330 3886 ob-
1388 3849 1512 3887 runt.
1799 3909 1837 3954 R
1868 3921 1907 3968 4
2227 3916 2253 3952 1
2293 3906 2393 3954 W
