2738 4475
444 230 595 329 486
944 225 1434 302 Enpaonn.
1484 226 2010 303 ser-rums

439 349 538 425 est
575 367 829 421 tantum
848 345 971 421 esse
991 345 1213 422 sciatur
1232 393 1254 430 ‚
1310 366 1418 420 aut
1454 342 1734 445 denique
1766 372 1959 444 quam
1997 349 2241 448 possunt
2271 352 2502 432 intima

446 452 772 550 longaque
823 442 1254 524 familiaritate
1286 470 1432 518 cum
1454 441 1584 515 illis
1606 444 2033 544 optimatibus
2056 447 2117 522 se
2137 446 2495 545 miscentes,

441 551 556 650 qui
592 570 660 621 ut
680 547 887 620 multo
902 544 1008 617 usu
1027 544 1374 645 agnoscere
1390 543 1653 618 robustae
1673 549 1911 619 mentis
1930 549 2122 637 vires,
2143 551 2226 623 ita
2243 556 2486 653 agnitas

441 646 697 748 poss'unt
732 645 1106 744 provehere.
1430 644 1436 651 ’

545 753 722 820 luter
752 743 890 817 haec
926 743 1437 842 nimiiponderis
1458 749 1519 816 &
1543 746 1812 818 levitatis
1830 748 2001 819 mala
2023 799 2049 836 ‚
2092 747 2481 848 positaiudo·

441 850 565 929 les,
585 854 651 920 δι
671 844 748 917 ad
769 845 1064 918 humanae
1084 844 1419 944 dignitatis
1440 839 1761 1015 fastigium
1778 847 2117 945 pervenit3
2160 848 2322 924 huic
2351 878 2482 925 mo·

442 944 586 1018 dica
603 941 792 1024 inest,
816 953 883 1020 &
911 964 1161 1018 tantum
1180 969 1328 1017 cum
1345 969 1507 1043 opus
1530 969 1566 1015 e
1643 991 1666 1025 ,
1691 947 2047 1043 eloquentia
2068 993 2092 1027 ,
2118 957 2193 1021 δε
2217 997 2241 1031 ,
2264 951 2310 1023 fi
2332 975 2488 1025 tem-

442 1072 562 1145 pus
596 1044 953 1117 studiumve
993 1042 1256 1116 accedat
1273 1100 1295 1129 ‚
1349 1043 1675 1116 venustior
1727 1048 1792 1117 in
1824 1043 2109 1118 familiari
2156 1046 2269 1118 usu
2312 1054 2493 1139 vitae,

441 1166 744 1245 prompta
764 1153 831 1219 &
855 1143 1061 1216 nitida
1078 1187 1101 1224 ‚
1140 1168 1274 1214 non
1295 1142 1550 1217 haerens
1570 1150 1633 1216 δι
1658 1145 1894 1217 turbata
1911 1143 2117 1216 oratio
2132 1195 2155 1231 ‚
2193 1149 2290 1220 vis
2311 1149 2493 1241 judi-

442 1247 529 1317 cii
553 1269 687 1317 non
711 1247 978 1318 multum
1000 1244 1321 1330 involuta,
1345 1249 1413 1313 &
1434 1267 1781 1342 quanquam
1805 1247 1961 1316 acris
1980 1241 2223 1331 subito,
2248 1268 2484 1323 tamen

444 1345 591 1442 post
615 1370 861 1418 moram
881 1353 950 1418 δι
974 1341 1310 1414 confilium
1327 1343 1622 1419 validior.
1668 1344 1804 1419 Hic
1817 1345 1911 1418 est
1930 1344 2181 1416 demum
2200 1345 2487 1421 idoneus

442 1444 782 1515 virtutibus
804 1443 1008 1515 homo
1027 1441 1105 1514 ad
1124 1442 1440 1540 privatam
1460 1440 1834 1542 sapientiam
1854 1439 2229 1543 &publicam
2245 1440 2477 1529 fastus,

442 1565 553 1615 aut
572 1542 618 1615 si
639 1545 810 1616 vitiis
834 1540 1214 1615 foecundum
1233 1543 1521 1615 animum
1541 1545 1797 1627 trader,
1826 1569 1958 1615 non
1975 1543 2343 1641 quotidianae
2359 1570 2475 1617 ne-

447 1644 664 1737 quitiae
684 1646 859 1716 velut
880 1645 1114 1728 moles,
1139 1643 1208 1712 in
1224 1667 1679 1743 quamcunque
1701 1667 1951 1743 partem
1968 1642 2493 1744 incubuerit,per-

446 1743 866 1817 nicioliffimo
879 1739 1021 1816 casu
1038 1741 1255 1813 omnia
1270 1743 1590 1841 affligens.
1980 1778 1985 1782 ·

452 1910 458 1914 .
552 1847 798 1944 Ampla
831 1863 1045 1917 autem
1065 1833 1324 1941 ingenia
1342 1841 1421 1912 ab
1445 1842 1667 1939 opacis
1695 1843 2025 1918 mentibus
2050 1846 2225 1918 velut
2243 1843 2359 1915 hac
2377 1871 2498 1917 no—

450 1962 520 2016 ta
535 1948 786 2019 Natura
804 1942 1093 2016 distinxit
1111 1986 1134 2022 ‚
1170 1940 1341 2036 quod
1361 1939 1497 2012 haec
1517 1942 1907 2041 dignitatem
1929 1942 2105 2015 suam
2130 1941 2489 2044 agnoscant,

455 2065 891 2140 peraguntque
912 2043 1132 2115 omnia
1156 2041 1496 2124 liberalius,
1523 2042 1898 2115 verecundis
1916 2042 2212 2142 quidem,
2236 2042 2336 2115 sed
2354 2068 2493 2116 ere-

450 2144 577 2211 etis
600 2142 921 2239 spiritibus
939 2188 960 2220 ‚
1000 2137 1379 2241 semperque
1400 2137 1692 2218 diffusum
1713 2143 1978 2239 aliquid,
2008 2151 2075 2216 &
2098 2144 2333 2216 vividae
2356 2170 2491 2218 ma·

445 2237 687 2335 jestatis
709 2240 1301 2337 contemplantibus
1325 2271 1342 2315 ε
1383 2237 1629 2314 Retusae
1658 2267 1814 2314 vero
1835 2266 2096 2316 mentes
2119 2245 2187 2315 in
2207 2245 2496 2344 angustas

444 2341 875 2440 cogitationes
894 2360 1082 2437 atque
1105 2340 1368 2413 consilia
1391 2339 1532 2438 ipsae
1553 2339 1614 2413 se
1630 2342 1964 2424 damnent,
1989 2370 2311 2443 nunquam
2331 2341 2486 2417 ausae

446 2439 490 2511 a
509 2439 732 2514 timida
754 2439 1118 2512 humilitate
1136 2441 1451 2514 excedere
1473 2472 1492 2528 3
1547 2448 1623 2514 In
1641 2444 1849 2539 parvis
1864 2444 2134 2517 interim
2154 2491 2176 2525 ,
2210 2453 2275 2518 δε
2297 2468 2483 2516 men-

447 2539 650 2616 suram
667 2538 756 2614 sui
780 2543 977 2614 animi
996 2567 1126 2612 non
1148 2539 1582 2639 superantibus
1601 2591 1624 2623 ‚
1669 2543 1748 2614 ad
1767 2543 2064 2616 ultimam
2082 2544 2477 2642 diligentiam

443 2646 684 2715 exastae
709 2640 885 2722 sunt3
942 2665 1089 2713 cum
1122 2638 1365 2713 scilicet
1401 2640 1565 2714 astus
1608 2642 1869 2740 quidam
1905 2645 2035 2715 illis
2068 2644 2344 2743 ingeniis
2378 2666 2489 2714 ac-

445 2742 890 2811 commodatus
913 2740 986 2810 sit
1007 2785 1031 2820 ,
1054 2765 1186 2810 non
1207 2744 1369 2812 altus
1391 2742 1502 2812 ille
1522 2765 1625 2813 aut
1647 2744 1883 2814 nobilis
1899 2791 1922 2823 ‚
1940 2741 2043 2815 sed
2064 2765 2130 2812 ut
2147 2745 2218 2813 in
2237 2744 2493 2842 exiguis

444 2841 513 2904 fic
537 2838 837 2908 invalidis
859 2838 1289 2909 animantibus
1309 2841 1600 2916 videmus
1618 2885 1642 2923 2
1665 2868 1778 2942 pet
1793 2842 2203 2919 diffidentiam
2223 2838 2352 2911 suis
2371 2867 2479 2913 re·-

444 2932 559 3005 bus
580 2934 826 3033 semper
842 2936 1151 3009 intentus.

543 3040 702 3111 Sunt
718 3035 980 3137 quidem
996 3059 1075 3107 ex
1095 3036 1499 3111 literatorum
1522 3066 1786 3115 numero
1800 3087 1822 3123 ,
1840 3040 1940 3138 qui
1962 3037 2082 3110 live
2098 3031 2465 3136 disciplinis

439 3131 482 3205 s
474 3137 565 3209 uis
586 3133 869 3213 faventes
889 3193 910 3224 ‚
948 3135 1073 3211 sive
1091 3135 1470 3210 eruditionis
1490 3142 1765 3215 utilitate
1795 3140 2004 3239 (quam
2016 3139 2326 3211 eximiam
2343 3134 2485 3209 else

437 3240 583 3330 quis
615 3264 887 3337 unquam
925 3235 1039 3309 nisi
1069 3262 1147 3308 ex
1181 3235 1457 3310 barbaris
1478 3241 1864 3340 ignoraviti)
1887 3241 2178 3339 decepti,
2233 3257 2488 3338 negant

440 3337 696 3433 aliquod
719 3340 1049 3437 ingenium
1071 3339 1138 3409 in
1158 3339 1408 3439 magnis
1428 3343 1890 3414 numerandum
1910 3385 1935 3422 ‚
1956 3342 2072 3414 nisi
2094 3340 2273 3439 quod
2292 3338 2485 3439 poffit

439 3432 656 3505 literas
674 3460 944 3533 capere3
1001 3459 1105 3509 aut
1143 3438 1341 3509 ullum
1381 3438 1461 3509 ad
1497 3439 1730 3530 justum
1772 3441 2081 3514 decorem
2099 3437 2471 3539 pervenisse,

440 3532 614 3625 quod
635 3558 766 3606 non
783 3537 914 3608 illis
930 3562 1227 3608 ornatum
1249 3538 1345 3609 sit.
1413 3544 1490 3609 In
1526 3539 1695 3610 hunc
1731 3542 2002 3613 modum
2037 3540 2338 3627 homines
2371 3562 2476 3632 pu-

439 3629 625 3702 blicis
663 3634 993 3707 virtutibus
1026 3637 1227 3719 claros
1251 3687 1273 3721 ,
1311 3634 1614 3734 natosque
1653 3641 1952 3737 regendis
1988 3641 2245 3736 populis
2263 3685 2285 3719 ,
2330 3640 2370 3710 sn
2405 3634 2486 3706 ad

435 3729 764 3806 literarum
802 3733 1219 3808 subtilitatem
1248 3738 1457 3834 inepti
1495 3736 1656 3825 fint,
1698 3737 1737 3810 ὲ
1775 3764 1938 3812 vera:
1980 3739 2395 3811 humanitatis
2414 3742 2484 3804 δε

2201 3859 2493 3935 magm-
