2738 4475
463 251 618 328 300
1001 216 2062 300 Eunaeum.suvaxc1

453 365 604 422 tunt
635 401 656 431 ‚
690 367 805 418 eos
827 339 912 413 ad
935 362 1068 414 tam
1089 341 1508 415 immodicam
1527 341 1805 415 scientiae
1827 339 2064 413 famam
2083 339 2317 412 evexit.
2378 341 2526 417 Ae'-

459 442 651 518 ceffit
671 438 994 534 ,industria
1026 441 1441 515 callidiffimae
1474 445 1732 541 genna,
1766 467 1904 542 quae
1940 436 2069 511 sese
2085 440 2160 511 ad
2179 438 2517 515 existima-

461 547 715 618 tionem
738 561 956 614 mutua
974 542 1550 615 commendatione
1570 543 1884 641 protrudit
1901 588 1925 626 ,
1943 547 2009 613 δε
2024 540 2088 610 in
2116 539 2266 611 alibi
2287 542 2513 615 orien-

464 647 556 717 tia
591 641 787 714 lidera
822 640 953 713 levi
979 638 1288 739 despectu
1329 650 1397 714 &
1438 643 1634 716 veluti
1671 638 1966 726 fastidio,
2010 640 2203 711 etiam
2221 644 2509 742 maligna

459 741 668 825 laude,
694 739 929 812 nubem
952 738 1537 839 perniciofiffimam
1553 741 1829 814 exhalat.
1881 744 2058 813 Nam
2081 746 2144 812 δι
2167 737 2513 818 hominum

459 840 686 942 generi
705 839 1119 924 dominantur
1136 841 1366 937 inepto
1387 840 1651 939 quidem
1669 862 1773 913 aut
1790 836 2009 911 insano
2026 884 2050 919 ‚
2069 837 2180 911 sed
2202 836 2332 939 ipsa
2351 845 2513 914 mul·

456 940 1129 1040 titudine'impetuque
1148 941 1412 1012 valenti.
1467 941 1537 1010 Si
1560 943 1792 1039 placet,
1814 938 2063 1010 Sciolos
2087 942 2518 1037 appellemus.

455 1040 562 1116 Hi
599 1038 869 1139 superbo
905 1064 1025 1112 nec
1046 1039 1592 1138 capaciingenio‚
1630 1063 1958 1116 rumores,
1995 1038 2410 1139 quoscunque
2427 1044 2511 1115 ab

457 1141 848 1240 Acignianis
867 1159 1250 1237 acceperunt
1265 1195 1284 1221 ,
1313 1160 1620 1236 tanquam
1646 1137 1900 1211 secretae
1920 1162 2107 1235 rupes
2126 1140 2511 1236 multiplica-

413 1243 418 1262 '
460 1261 536 1311 to
573 1241 851 1311 tumultu
890 1233 1121 1309 referre
1161 1237 1389 1309 stolida
1424 1239 1770 1335 pertinacia
1807 1236 2220 1309 ass'ueverunt.
2270 1245 2506 1315 Tantae

511 1363 718 1438 uoque
739 1338 1086 1431 juventutis
1105 1359 1411 1435 quantam
1430 1338 1542 1436 ipfi
1561 1340 1974 1409 excoluerunt
1993 1380 2015 1416 ‚
2034 1338 2356 1411 obstinatis
2379 1333 2511 1413 sufss

451 1367 680 1539 fragiis
701 1439 988 1509 nituntur
1012 1493 1030 1521 ,
1068 1436 1222 1509 dum
1241 1437 1305 1509 se
1326 1462 1556 1510 omnes
1574 1438 1653 1510 ab
1672 1434 2105 1511 eruditiffimis
2122 1438 2384 1512 edoctos
2402 1440 2504 1512 su·

461 1563 774 1637 pervacua
791 1538 1077 1609 vanitate
1099 1538 1528 1611 contendunt.
1546 1541 1563 1550 “
2148 1547 2157 1558 ’
2360 1571 2369 1576 ·

566 1638 654 1709 Et
691 1636 791 1710 his
830 1636 1098 1738 quidem
1136 1629 1864 1713 machinis'intemerata
1884 1640 2272 1739 potentiaad
2287 1639 2419 1742 ipsa
2433 1639 2516 1713 st·

467 1738 620 1810 deta
653 1734 955 1836 suspexit.
1007 1742 1204 1812 Nunc
1240 1739 1456 1810 videas
1498 1761 1602 1808 tot
1634 1736 1921 1810 fucorum
1944 1741 2518 1835 perire‘secretum‚

459 1839 816 1911 societatis
836 1837 1001 1909 flore
1020 1839 1458 1934 paulatin-‚per
1476 1836 1606 1931 ipsa
1623 1834 1891 1908 fortuna:
1910 1861 2166 1914 munera
2186 1842 2520 1934 oppresso.

466 1943 652 2012 Nam
738 1938 801 2008 ui
831 1941 898 2007 in
938 1938 1153 2034 paucis
1192 1933 1444 2002 urbibus
1465 1932 1709 2002 fixorum
1727 1933 2527 2030 aliquotlaetioraingenia

460 1964 869 2108 ostentiiaa'nt
905 2082 928 2116 ,
989 2033 1106 2125 qui'
1149 2025 1538 2098 fastidiosum
1587 2027 1915 2096 delefium
1971 2025 2294 2096 habebant
2330 2029 2513 2104 suam

462 2134 828 2201 clientelam
849 2125 1262 2194 ambientium
1283 2166 1310 2200 ,
1344 2146 1515 2192 nunc
1545 2115 1875 2195 immensis
1897 2125 2172 2196 coloniis
2195 2123 2523 2224 diffipati·⁹

457 2253 627 2325 aegte
652 2223 751 2295 sua
776 2224 1067 2293 Numina
1084 2222 1150 2291 in
1168 2240 1266 2291 tot
1286 2223 1532 2319 templa
1549 2222 1845 2296 divident
1860 2270 1884 2305 ‚
1928 2230 1996 2298 &
2014 2221 2335 2298 eihaustis
2358 2229 2536 2303 civi..

456 2325 573 2396 bus
587 2323 724 2411 ,serv
732 2321 844 2394 itia
861 2320 938 2392 ad
960 2316 1784 2401 sacramentumvoc'abunt.
2266 2316 2291 2329 “

558 2420 742 2514 Qid
774 2417 1068 2493 censeam
1103 2421 1186 2492 de
1220 2421 1485 2492 illorum
1501 2421 1720 2495 studiis
1738 2424 1785 2494 si
1805 2423 2076 2523 quaerist
2132 2425 2203 2494 in
2221 2424 2353 2496 illis
2377 2430 2525 2501 n'ou

447 2526 651 2624 ,pauci
682 2520 1041 2605 mediocres
1063 2567 1087 2603 ‚
1120 2544 1234 2616 per
1273 2523 1562 2617 proprias
1597 2522 1786 2593 dotes
1807 2520 2525 2601 autlaboriosainstitu-

463 2626 652 2698 tione
691 2617 1001 2706 formati3
1043 2621 1244 2690 multa
1273 2616 1581 2701 humilia,
1619 2619 1725 2693 sed
1765 2648 1906 2723 quae
1938 2618 2052 2693 suo
2088 2630 2154 2695 δι
2197 2619 2519 2697 sociorum

469 2727 650 2799 vultu
665 2718 894 2793 fallunt
914 2750 937 2807 ;
980 2718 1259 2816 denique
1271 2721 1573 2818 ingentes
1599 2721 1890 2819 quaedam
1909 2744 2160 2795 mentes
2179 2771 2204 2807 ,
2241 2751 2382 2822 quae
2400 2749 2521 2796 nu-

469 2824 551 2897 da
591 2830 659 2894 &
701 2820 892 2891 exilia
929 2839 1312 2890 exterorum·
1336 2824 1602 2891 nomina
1639 2819 1741 2891 sua
1782 2818 1953 2894 fama
1987 2820 2516 2894 circumvolvunt.

461 2923 732 3006 Fallitur
750 2919 925 2990 enim
944 2920 1055 3015 qui
1073 2941 1322 2990 tantum
1337 2921 1751 3018 ingeniorum
1770 2942 2146 3019 proventum
2159 2917 2284 2991 effe
2303 2942 2513 3018 putat,

469 3045 539 3093 ut
559 3018 789 3093 alicubi
811 3016 989 3114 spiffa
1008 3026 1074 3090 &
1099 3040 1402 3117 tanquam
1426 3028 1841 3115 pet-armenta
1859 3041 2280 3091 numerentur.
2306 3019 2521 3105 Quod

469 3122 517 3195 fi
550 3120 865 3220 Acignius
903 3142 1020 3215 pro
1060 3115 1178 3190 suae
1222 3139 1496 3191 catervae
1530 3143 1894 3217 paupertate
1917 3116 2313 3218 frequentem
2333 3119 2524 3204 indu-

467 3220 688 3295 striam
720 3220 968 3291 invenit
989 3262 1013 3296 ‚
1047 3220 1188 3318 quis
1222 3218 1374 3289 ideo
1414 3219 1639 3288 illudat
1663 3243 2034 3291 caeterorum
2054 3218 2401 3305 hominum
2421 3219 2526 3290 di-

467 3320 703 3417 gnitati
721 3364 744 3398 ‚
786 3316 954 3415 quasi
992 3316 1035 3387 fi
1080 3318 1531 3389 decertandum
1553 3317 1629 3390 fit
1647 3366 1669 3402 ‚
1715 3318 1975 3417 singulis
2004 3320 2519 3418 Acignianorum

466 3418 722 3488 eximiis
759 3438 966 3487 totam
1003 3416 1321 3487 decuriam
1364 3443 1499 3489 non
1520 3423 1909 3514 opponant?
1962 3423 2142 3491 Nam
2164 3421 2272 3516 qui
2307 3423 2518 3491 Natu-

467 3541 605 3588 tam
643 3536 744 3586 tot
787 3540 1047 3613 capaces
1086 3526 1150 3588 ἃ
1175 3515 1470 3587 sublimes
1496 3512 2151 3617 animosAcignianis
2176 3517 2527 3616 prodigere

468 3615 704 3712 putatis
730 3668 752 3697 ,
780 3638 890 3684 cur
908 3614 1109 3686 rursus
1131 3615 1453 3713 affingetis
1475 3638 1606 3686 tam
1630 3615 1912 3691 sterilem
1935 3674 1956 3702 ,
1978 3641 2045 3687 ut
2064 3619 2131 3688 in
2149 3626 2519 3688 caeterorum

466 3734 650 3785 tanto
686 3739 955 3788 numero
984 3741 1122 3819 non
1158 3712 1379 3812 saepius
1417 3716 1829 3816 ingeniorum
1871 3718 2164 3793 bonitate
2195 3715 2461 3791 luxuriet
2486 3717 2518 3779 ἒ

2393 3812 2496 3886 Et
