2738 4475
422 254 569 336 574
919 229 1407 322 Eoi-noum».
1459 230 2002 313 Sa‘ranet

419 353 672 420 fecerim.
735 345 855 425 Ipsa
872 348 1094 405 tandem
1113 345 1512 407 consuetudine
1531 350 1682 408 satur
1693 358 1833 429 petii
1847 359 1933 414 mi
1939 357 2159 417 sfionem
2175 400 2191 425 ,
2219 379 2338 419 cum
2356 362 2449 424 illa

421 436 476 491 &
511 429 767 507 languori
788 429 908 503 jam
930 445 1062 483 meo
1078 430 1209 485 irata
1224 466 1239 491 ,
1272 431 1479 502 &puto
1498 431 1563 486 ad
1585 434 1887 490 novitatem
1911 439 2098 494 etech
2118 479 2133 502 ,
2155 441 2282 516 quod
2295 456 2444 516 pete-

417 512 553 568 bam
572 509 742 567 etiam
757 506 897 565 ultra
909 507 1354 580 expectationem
1374 506 1523 565 facili
1542 523 1682 566 nutu
1700 513 1959 570 conceffit
1969 535 1993 577 ,-
2024 517 2204 574 addita
2215 518 2297 576 hac
2310 538 2436 577 mo-

419 604 654 648 uitione.

509 668 600 732 Si,
631 664 815 742 inquit
829 700 845 726 ,
879 675 993 720 tam
1013 660 1272 740 prospere
1284 663 1376 721 Dii
1394 678 1582 724 tecum
1602 669 1834 745 egerint,
1863 683 1927 728 ut
1941 672 2114 746 poffis
2131 675 2273 732 inter
2284 677 2434 732 virtu.

418 761 502 806 tes
533 763 649 802 tuas
663 743 1099 801 taciturnitatem
1117 761 1409 800 numerare
1424 785 1441 809 ,
1459 746 1713 804 invenisti
1739 787 1756 812 ,
1778 768 1888 824 quae
1906 749 2237 811 fidelitatem
2258 753 2431 814 silentii

417 829 503 888 tui
520 821 794 900 insperatis
810 818 1118 878 honoribus
1135 821 1435 898 aliquando
1452 827 1838 884 remunerabit.
1891 828 1939 883 Si
1959 837 2210 887 vero'tua
2229 835 2317 889 ista
2331 835 2430 890 lin·

418 925 529 985 gua
559 906 889 977 importuno
921 911 1085 955 motu
1121 896 1396 957 secretum
1415 903 1768 971 revelaverit,
1800 905 1915 962 scias
1929 920 1981 961 te
1996 910 2304 968 certissima
2319 931 2441 970 nece

359 1009 364 1018 ⁴
417 986 531 1060 ejus
546 998 659 1038 tem
670 980 925 1037 critatem
940 978 1232 1035 luiturum.
1282 982 1496 1057 Longae
1514 980 1642 1039 sunt
1659 987 1906 1042 manus&
1919 983 2286 1059 implacabiles
2308 1011 2437 1048 mu·

417 1063 539 1120 lieri
559 1057 692 1118 laesae
711 1097 727 1123 ‚
761 1070 956 1133 utpote
969 1075 1095 1134 quae
1112 1075 1401 1134 nunquam
1418 1074 1644 1136 torpent
1659 1099 1677 1121 ‚
1710 1064 1807 1121 nili
1823 1063 1926 1138 post
1938 1062 2204 1120 excidium
2223 1085 2433 1140 provo·

405 1142 594 1200 cantis.
636 1138 925 1195 Excitatur
939 1134 1294 1193 desuetudine
1309 1134 1499 1195 furor:
1517 1159 1767 1217 cumque
1778 1143 1863 1199 alii
1882 1143 2057 1198 mentis
2073 1144 2306 1218 impetus
2320 1186 2335 1210 ,
2359 1151 2419 1207 δε

414 1218 650 1277 violenti
665 1213 889 1274 affectus
904 1215 1076 1272 animi
1093 1255 1109 1279 2
1130 1230 1403 1289 tempore,
1423 1213 1711 1297 longaque
1726 1219 1957 1285 absentia,
1972 1221 2125 1277 veluti
2138 1222 2304 1280 tedius
2317 1243 2419 1280 en·

416 1298 498 1362 sis,
517 1296 839 1374 rubiginem
856 1293 1189 1351 contrahant
1203 1331 1219 1351 ‚
1249 1291 1561 1374 sensimque
1580 1293 1895 1357 minuantur
1911 1324 1926 1367 ς
1963 1299 2033 1357 ira
2046 1338 2062 1363 ,
2075 1295 2157 1356 cui
2174 1299 2412 1379 loquaci·

417 1393 498 1437 tas
525 1375 677 1433 male
692 1373 804 1433 sani
821 1372 1057 1431 amantis
1071 1372 1286 1429 causam
1310 1371 1449 1431 fecit
1463 1415 1480 1439 ,
1514 1394 1631 1433 non
1650 1377 1862 1436 invenit
1876 1379 1930 1435 in
1941 1376 2154 1436 foemina
2167 1381 2405 1438 modum.

415 1458 508 1521 Et,
521 1473 598 1513 ne
609 1473 705 1512 me
718 1468 874 1531 putes
888 1451 953 1509 ad
971 1452 1149 1508 minas
1164 1452 1351 1509 inanes
1368 1458 1423 1514 ὃς
1442 1450 1639 1511 licitum
1660 1454 1984 1534 supplicium
1998 1456 2287 1515 descendere
2301 1499 2316 1524 ,
2326 1459 2410 1516 ad·

410 1549 645 1594 vocetur
661 1533 755 1591 hic
770 1533 1171 1609 Hippocomus,
1193 1545 1257 1589 ut
1271 1530 1389 1589 trad
1396 1532 1554 1589 ustus
1571 1533 1825 1600 lanienae,
1849 1536 2035 1594 doceat
2044 1538 2279 1595 Tamiam
2292 1537 2417 1615 quid

416 1618 619 1674 timere
632 1612 836 1671 debeat·
881 1610 1140 1668 Pervicax
1155 1611 1306 1668 estin
1323 1609 1536 1669 famam
1558 1631 1742 1673 meam
1766 1618 2032 1683 Fortuna,
2068 1622 2121 1676 St
2150 1617 2204 1672 in
2221 1617 2324 1694 ipsa
2337 1618 2429 1674 do-

419 1713 523 1753 mo
553 1693 770 1751 dudum
803 1690 1022 1750 invenit
1047 1690 1147 1766 qui
1180 1689 1468 1766 pudicitiae
1487 1710 1629 1748 meae
1648 1707 1885 1753 noceret.
1932 1696 2216 1753 Nimirum
2231 1694 2431 1774 quem&

421 1771 662 1836 stabulis,
684 1776 737 1831 &
757 1772 824 1829 ab
842 1771 1104 1846 Hippona
1118 1805 1134 1827 ‚
1151 1770 1219 1825 ad
1235 1769 1536 1826 domestica
1552 1770 1765 1829 servitia
1782 1773 1991 1831 contuli
2006 1813 2022 1837 ,
2039 1793 2199 1851 quem
2219 1778 2274 1832 in
2291 1774 2429 1833 hunc

419 1853 606 1930 recepi
638 1865 828 1909 torum
864 1864 926 1906 ut
943 1866 1043 1926 per
1056 1845 1253 1904 luxum
1273 1851 1326 1906 ὅτ.
1344 1846 1625 1906 illecebras
1637 1853 1970 1909 conditionis
1986 1851 2092 1909 suat
2106 1851 2434 1911 obliviscere·

419 1946 534 1991 tur,
550 1933 784 2008 gratiam
806 1946 992 1986 meam
1008 1924 1232 1983 tradidit
1249 1967 1265 1991 ,
1302 1932 1355 1986 δε
1374 1924 1580 1986 nefario
1598 1928 1841 1987 sermone
1855 1944 1940 1988 tot
1954 1949 2073 1988 mea
2087 1932 2145 1987 in
2161 1927 2213 1986 se
2224 1930 2429 2006 benefi-

419 2012 507 2066 cia
523 2010 896 2085 ingratiffimae
912 2006 1254 2083 loquacitatis
1270 2002 1467 2062 scelere
1478 2007 1689 2082 polluit.
1754 2008 1903 2066 Adeo
1932 2009 2099 2064 etiam
2130 2009 2188 2064 in
2218 2008 2432 2068 serviles

422 2089 647 2144 animos
664 2089 840 2144 virilis
856 2085 1012 2142 {exus
1027 2083 1368 2141 consuetudo
1380 2084 1667 2151 descendit,
1713 2086 1808 2161 qui
1824 2126 1838 2148 ,
1856 2084 1951 2141 ubi
1961 2085 2030 2141 ad
2043 2084 2340 2144 siric-tatem
2355 2088 2423 2145 11-
2498 2151 2505 2156 ἱ

420 2165 672 2222 bidinem
692 2163 961 2239 explevit,
994 2161 1241 2219 ludibrio
1274 2161 1434 2220 habet
1445 2178 1663 2221 amatam
1681 2201 1697 2226 ,
1731 2167 1780 2220 &
1793 2160 2013 2239 superbo
2029 2160 2161 2218 fastu
2178 2166 2412 2243 negligit

420 2241 726 2318 Cupidines
741 2261 915 2319 nuper
928 2242 1701 2316 pernoctationibus,lacrymis,
1714 2240 1956 2317 suspiriis,
1973 2246 2029 2302 ὅτ.
2042 2240 2247 2300 exitiali
2265 2243 2413 2320 pen&

417 2321 600 2381 inedia
612 2323 886 2399 quaefitos.
932 2321 1163 2380 Lentius
1180 2322 1239 2376 in
1259 2322 1435 2380 Africa
1484 2321 1635 2377 uiros
1649 2321 1713 2378 ad
1730 2319 1993 2378 medelam
2007 2337 2294 2395 corporum
2309 2322 2399 2379 in-

418 2416 505 2461 ter
520 2403 747 2459 Aurorae
761 2399 906 2459 rosas
920 2398 951 2458 ὲ
966 2399 1115 2460 coelo
1130 2399 1379 2459 salutaris
1392 2419 1453 2459 ca
1488 2401 1531 2457 it
1546 2438 1562 2464 ,
1593 2399 1660 2457 ad
1686 2402 1891 2478 primos
1906 2396 2155 2459 nascentis
2168 2400 2302 2458 Solis
2316 2419 2399 2458 ra-

423 2482 545 2540 dios
560 2480 795 2559 expirat.

509 2560 623 2618 Sub
653 2562 755 2619 isto
772 2559 883 2618 fine
896 2559 1164 2619 sermonis
1179 2560 1477 2639 perdu6tus
1490 2559 1564 2615 est
1582 2561 1955 2637 Hippocomus
1971 2600 1988 2625 ,
2025 2556 2195 2616 homo
2217 2553 2415 2613 laic'wae

425 2639 631 2699 frontis
646 2680 663 2706 ,
679 2641 859 2698 oculis
875 2637 1244 2715 petulantibus
1259 2679 1275 2703 ,
1296 2639 1462 2716 nigro
1479 2640 1648 2704 crine,
1667 2640 1827 2697 barba
1843 2637 2076 2713 primula
2089 2679 2105 2702 ,
2120 2640 2174 2695 ὅτ.
2188 2634 2423 2694 nondum

422 2720 494 2777 ad
524 2731 781 2777 mentum
810 2718 1047 2777 delicato
1077 2720 1132 2775 δε
1162 2716 1373 2775 tenello
1402 2717 1600 2775 vellere
1631 2718 1973 2779 descendens.
2028 2716 2208 2775 Solum
2234 2715 2428 2793 pefius,

424 2797 578 2873 quod
595 2795 661 2852 ad
676 2796 1003 2852 inflatorum
1018 2797 1234 2852 utrium
1251 2794 1490 2872 speciem
1514 2799 1925 2873 protuberabat,
1936 2797 2306 2857 deformaverat
2319 2791 2421 2849 for-

426 2872 796 2932 mofissimum
826 2890 1044 2950 corpus.
1103 2873 1281 2951 Qod
1311 2877 1479 2933 Doris
1498 2878 1750 2936 ministra
1762 2879 1858 2936 ubi
1872 2875 2207 2937 adinfelicem
2223 2869 2410 2929 trabem

428 2952 577 3011 arae
593 2950 899 3029 colligavit,
918 2953 1036 3030 egit
1050 2964 1200 3010 retro
1213 2953 1471 3012 cubitum
1493 2956 1663 3014 vestes
1681 2995 1698 3021 ,
1713 2961 1769 3016 &
1786 2958 1892 3015 alte
1904 2954 2151 3016 succinti:
2161 2946 2413 3028 supposuit

424 3032 685 3109 patientis
703 3032 932 3108 pedibus
945 3047 1269 3110 argenteum
1283 3032 1520 3091 labrum.
1565 3036 1902 3108 Necmora3
1935 3052 2090 3115 quem
2105 3030 2302 3088 tenebat
2316 3027 2420 3105 gla-

425 3111 588 3183 dium
609 3126 722 3171 tam
738 3111 849 3170 alto
865 3109 1088 3170 vulnere
1104 3114 1162 3169 in
1179 3113 1526 3188 Hippocomi
1547 3114 1739 3188 peEtus
1757 3118 2010 3174 condidit
2027 3155 2043 3180 ,
2067 3128 2126 3169 ut
2152 3107 2357 3189 sanguis
2382 3124 2434 3163 e·

428 3209 692 3267 rumpens
709 3211 823 3249 uno
841 3193 1054 3269 impetu
1071 3189 1208 3268 pene
1226 3204 1414 3249 totum
1434 3191 1653 3249 labrum
1674 3195 1962 3270 impleret.
2001 3191 2280 3251 moxinter
2293 3203 2448 3244 cruo-

426 3288 550 3327 rem
567 3267 754 3329 evulso
767 3270 932 3329 corde
949 3272 1161 3348 aperuit
1176 3290 1236 3328 os
1252 3270 1331 3329 nil
1347 3271 1697 3328 reclamantis
1712 3312 1730 3337 ,
1747 3277 1804 3331 &
1820 3273 2073 3333 extra&
2087 3268 2274 3329 viscera
2284 3264 2451 3351 carni:

431 3346 538 3405 fiee
555 3369 723 3407 manu
741 3350 977 3426 praebuit
992 3365 1054 3407 ut
1072 3350 1356 3408 manderet
1372 3374 1387 3417 ς
1408 3350 1591 3406 addita
1604 3350 1773 3407 etiam
1797 3350 1901 3409 hac
1923 3350 2336 3428 imprecatione,
2347 3345 2458 3401 Pan

422 3445 558 3485 nece
587 3427 914 3485 damnatum
948 3427 1203 3505 spiritum
1236 3429 1420 3505 ejiciat
1438 3469 1454 3493 ,
1482 3426 1730 3506 quisquis
1764 3431 2123 3505 impudicam
2196 3446 2320 3485 uam
2338 3422 2457 3483 fecit

431 3503 672 3563 insolens
708 3504 960 3564 diffamat
999 3508 1212 3582 probris
1230 3549 1245 3572 ,
1287 3511 1341 3565 ὃς
1376 3508 1433 3564 in
1468 3507 1673 3564 bonam
1707 3523 1905 3566 amatae
1926 3509 2143 3568 famam
2157 3448 2464 3584 dedignatur

428 3583 675 3641 mentiri.
729 3588 805 3639 At
819 3603 943 3661 ege,
959 3597 1024 3641 ut
1039 3606 1189 3644 eram
1209 3585 1603 3644 semimortuus
1618 3626 1635 3649 ,
1666 3588 1925 3644 eamdem
1963 3587 2350 3645 crudelitatem
2378 3582 2467 3640 fri·

430 3661 567 3741 gido
597 3660 828 3719 horrore
853 3665 1210 3737 expectabam
1231 3686 1244 3721 :
1301 3680 1529 3742 cratque
1570 3663 1860 3721 summum
1894 3666 2234 3741 trepidantis
2265 3676 2472 3725 votum,

435 3760 589 3800 mors
605 3740 832 3802 mitior-3
860 3760 1032 3819 quam
1053 3744 1110 3800 in
1130 3742 1369 3819 pretium
1394 3742 1684 3819 praecipitis
1700 3741 1952 3820 obsequii
1966 3742 2113 3801 serio
2130 3741 2478 3816 advocabam:

428 3818 672 3893 sciebam,
683 3820 887 3899 quippe
902 3838 1025 3879 raro
1041 3820 1316 3881 subfistere
1336 3821 1518 3883 laffam
1541 3822 2130 3900 feritatem‚pautherae
2147 3825 2208 3881 in
2223 3819 2472 3881 modum.

2349 3914 2472 3982 quae
