2738 4475
463 229 553 302 80
922 225 1433 299 Euenonu.
1488 223 2011 293 sti-rivium·

448 341 782 420 Machina!
803 334 914 442 per
934 340 1183 413 nioenia
1217 336 1533 438 dispositae
1558 336 1920 441 praebebant
1951 334 2229 435 speciem
2265 333 2508 413 for'mi-
2560 322 2583 335 ’

447 443 658 526 dolosi
690 445 879 521 belli,
919 448 983 512 δι
1012 440 1245 511 moniti
1277 445 1488 520 cives,
1531 462 1599 513 ut
1616 440 1695 512 ad
1717 437 1932 511 tubam
1951 440 2021 509 in
2042 439 2232 511 armis
2263 435 2496 526 effent,

447 541 757 646 pacificos
785 542 990 613 cultus
1022 540 1286 614 militari
1317 540 1654 639 diligentia
1687 537 2128 612 instruxerant.
2179 541 2496 633 juventus

499 665 754 717 raetcrea
775 637 1011 710 nobilis
1028 636 1317 711 arcess'ita
1332 640 1413 711 ad
1433 640 1776 714 Labetrum
1797 680 1818 716 ‚
1838 633 2189 737 splendidis
2206 638 2511 710 colluce-'

534 763 561 813 t
593 738 869 810 vestibus
887 784 911 820 ,
950 745 1019 811 δε
1037 758 1285 811 exarata
1308 742 1574 838 puellari
1606 763 1795 812 manu
1816 737 2167 835 palliatota
2186 737 2491 835 pensione

445 840 846 915 redemerant
867 866 887 910 ε
929 862 998 910 ut
1017 839 1272 938 quoties
1305 838 1519 912 mensa
1551 841 1620 911 in
1639 841 1816 911 illum
1834 859 2068 908 annum
2088 837 2292 932 polita
2310 837 2490 920 esset,

451 939 776 1014 Callionis
816 937 1269 1011 meminiffent.
1344 939 1473 1011 Sed
1520 941 1796 1011 maxime
1837 932 2358 1034 obstupescebam
2408 938 2491 1011 ad

444 1039 818 1139 principalis
854 1035 1113 1110 aedificii
1144 1039 1377 1108 luxum.
1467 1037 1689 1109 Thoti
1728 1033 1960 1137 ubique
1995 1059 2259 1135 purpura
2310 1036 2489 1110 strati

443 1158 626 1210 erant
645 1183 670 1217 ,
707 1135 977 1237 stragula
998 1135 1175 1235 bysso
1192 1136 1433 1233 duplici
1446 1133 1717 1235 insignia
1734 1135 2118 1209 notabantur
2133 1183 2156 1219 ‚
2194 1142 2260 1207 δι
2280 1130 2487 1208 aureis

440 1236 567 1312 filis
599 1233 866 1309 sericum
883 1236 1300 1308 intertextum
1335 1236 1478 1336 plus
1497 1235 1773 1308 artificio
1790 1234 2109 1319 debebat,
2145 1258 2336 1335 quam
2372 1240 2515 1308 nib·

449 1359 630 1409 turae.

542 1443 861 1510 Praeterea
891 1434 1066 1507 cultu
1100 1431 1381 1506 mirabili
1414 1430 1658 1507 stabant
1689 1431 2007 1535 dispositae
2045 1461 2162 1536 per
2196 1434 2485 1511 cubicula

442 1536 760 1636 imagines
782 1584 806 1620 ,
858 1561 997 1635 quae
1031 1531 1194 1607 mihi
1230 1532 1606 1610 videbantur
1639 1530 1997 1609 sudantium
2032 1539 2242 1610 vultus
2273 1539 2490 1637 expri-

442 1660 643 1710 mere.-
717 1636 1089 1708 Admiratus
1122 1657 1252 1734 ego
1280 1631 1683 1735 ingeniosam
1724 1632 2066 1710 statuarum
2099 1637 2492 1722 novitatem,

444 1736 711 1836 propius
740 1732 971 1808 acceffi
992 1786 1014 1822 ,
1060 1742 1126 1807 δι
1151 1739 1487 1807 materiam
1522 1733 1742 1806 audaci
1772 1735 1987 1836 digito
2006 1733 2310 1809 scrutatus
2332 1735 2492 1812 sum.

445 1836 575 1910 Sed
609 1830 987 1934 profundius
1020 1859 1215 1933 quam
1238 1834 1491 1906 vellem
1528 1829 1768 1932 fragilis
1802 1837 2067 1907 materia
2088 1858 2347 1906 manum
2383 1834 2496 1907 ad-

395 1958 407 1972 ·
447 1933 639 2009 milit.
700 1935 1101 2008 Perturbatus
1140 1933 1337 2030 igitur
1367 1933 1667 2029 imaginis
1702 1930 2040 2010 cicatrice,
2079 1928 2147 1999 fu
2197 1956 2249 2001 ae
2280 1933 2493 2009 confi-

442 2035 602 2105 lium
637 2036 822 2129 ccpi‚
861 2057 1005 2103 cum
1025 2030 1285 2100 adlatus
1305 2027 1368 2098 se
1388 2028 1693 2125 applicuit
1710 2022 1957 2096 sedulus
1972 2027 2135 2098 mini
2194 2051 2297 2113 er,
2342 2026 2488 2126 spu-

445 2151 860 2226 mantemque
878 2126 1240 2199 hordeaceo
1256 2145 1414 2222 potu
1433 2123 1737 2223 scyphum
1759 2122 2207 2199 humaniffime
2223 2125 2494 2221 obtulit3

438 2222 716 2325 cumque
735 2226 964 2297 incerti
983 2221 1328 2297 formidine
1349 2223 1554 2297 vultus
1575 2224 1760 2296 variis
1777 2223 2108 2296 coloribus
2128 2224 2482 2316 aestuarent,

435 2327 687 2426 putavit
715 2325 909 2396 tantis
942 2323 1366 2396 conventibus
1387 2322 1700 2395 insuetum
1720 2322 2074 2397 numerosae
2097 2325 2328 2398 domus
2360 2323 2493 2400 fre-

337 2517 356 2522 *
440 2425 699 2525 quentia
762 2425 1074 2497 erterreri.
1131 2430 1360 2523 ltaque
1379 2424 1727 2516 vanitatem
1745 2423 2002 2496 timoris
2033 2427 2167 2497 mei
2200 2424 2485 2498 stultiffi-

443 2550 552 2601 ma
574 2451 1385 2624 conlglationepermulsit.
1438 2520 1621 2609 Quid
1639 2520 2035 2596 exhorrescis
2051 2570 2073 2606 ‚
2094 2521 2329 2624 hospes
2346 2575 2370 2611 ,
2382 2527 2494 2596 iri-

445 2626 588 2725 quit
608 2672 630 2705 ,
675 2624 754 2695 ad
789 2650 820 2696 r
905 2627 1071 2697 alem
1105 2622 1495 2724 strepitum?
1544 2621 1698 2722 quid
1731 2620 2060 2695 existimas
2090 2624 2489 2724 triumphum

442 2649 1127 2822 quotidianaeesamiliae
1169 2726 1532 2796 rationem?
1588 2723 1740 2795 Scio
1769 2720 2010 2794 nescire
2044 2723 2346 2796 dominos
2381 2748 2495 2798 ve-

443 2825 605 2895 stros
639 2845 772 2894 tam
809 2849 1012 2922 prope
1045 2822 1123 2895 ad
1163 2826 1411 2894 coelum
1444 2819 1723 2921 deosque
1755 2821 2075 2895 accedere.
2133 2824 2260 2895 Sed
2280 2847 2493 2923 neque

444 2921 642 2995 instar
680 2926 1014 2994 numinum
1051 2923 1616 3024 promulgaverunt
1651 2921 1840 2993 orbes
1876 2923 2072 3007 alios,
2114 2946 2320 3022 neque
2349 2943 2489 3008 tani

445 3022 689 3097 fruceta
708 3021 1044 3095 nobilitate
1076 3023 1515 3120 incorruptam
1552 3018 1776 3093 seriem
1810 3021 1887 3093 ad
1924 3041 2023 3093 ter
2055 3022 2235 3092 mille
2277 3025 2501 3093 annos*

443 3121 721 3195 servant.
769 3129 879 3196 Tu
897 3149 1050 3195 vero
1066 3125 1129 3194 in
1152 3120 1321 3193 aliud
1341 3145 1598 3220 tempus
1613 3119 1936 3219 stuporem
1952 3118 2161 3200 differ,
2178 3119 2332 3193 dum
2358 3127 2490 3194 La-

444 3220 618 3294 beeri
654 3226 931 3321 gentiles
952 3223 1166 3294 videas·
1187 3220 1585 3315 majestatem
1619 3223 1979 3292 nutantium
2006 3220 2345 3292 cervicum·
2364 3222 2488 3292 cir-

446 3318 762 3392 cumferre
785 3371 807 3405 ,
850 3325 1027 3394 velut
1063 3323 1141 3393 ad
1161 3345 1500 3412 numeros3
1541 3329 1608 3393 δε
1629 3320 1845 3391 audaci
1862 3316 2230 3417 ponderosae
2251 3322 2482 3393 oratio-

359 3499 362 3502 ,
443 3422 546 3491 nis
572 3416 804 3490 fiducia
822 3446 952 3492 non
976 3445 1106 3491 tani
1128 3443 1366 3492 ventos
1381 3443 1641 3491 onerare
1664 3468 1693 3504 ,
1720 3445 1913 3518 quam
1931 3413 2227 3516 superare
2243 3422 2485 3492 aurium

444 3517 671 3591 fidem.
718 3519 871 3619 Jam
894 3545 1045 3594 vero
1060 3571 1085 3606 ,
1106 3521 1149 3592 li
1169 3524 1509 3593 tumultum
1529 3520 1718 3591 ebrioe
1737 3521 1963 3590 domus
1983 3519 2321 3607 audiveriS,
2342 3525 2484 3619 'pu-
2512 3551 2516 3558 ·

2381 3642 2484 3691 tes

511 3735 542 3799 ι’
574 3753 705 3797 Pam
725 3743 785 3794 ad
800 3749 931 3816 Orgia
950 3748 1192 3829 ττῃοηςκιη
1207 3747 1437 3831 {fies-dig:
1456 3753 1473 3870 J
1495 3750 1615 3832 licet·
1638 3749 1784 3801 tertio
1817 3765 2005 3831 quoque
2034 3766 2163 3802 anno
2196 3748 2330 3801 solita
2359 3751 2483 3831 pele-

431 3813 531 3886 fi.]
571 3816 627 3869 ld
652 3812 717 3867 est
745 3817 803 3868 ad
830 3814 911 3870 sua
931 3815 1047 3870 festa
1059 3832 1325 3884 trieterica,
1349 3815 1439 3896 sci-7
1496 3818 1621 3874 brari
1646 3816 1676 3873 ὲ
1710 3820 1999 3883 &uadibus
2024 3816 2102 3875 scu
2130 3817 2481 3955 Bacchnnfissg-
