2738 4475
451 291 608 375 4542
671 297 695 326 ’ὲ
953 272 1446 370 numiam.
1495 272 2014 344 Sua-vute!

455 390 863 495 emigrabant
879 449 902 479 ‚
922 392 1410 468 --Nrirth'ma'nni
1430 388 1805 464 dicebantur
1829 437 1853 474 ,
1882 387 1954 461 id
1988 388 2087 465 est
2105 440 2129 477 ‚
2149 386 2450 466 homines
2471 392 2512 465 ἰ

460 494 1298 594 Septentrione-venientes.
1369 498 1496 564 Per
1531 491 1654 563 hos
1688 491 1795 563 diu
1823 514 2148 588 occupata
2169 494 2508 579 Britannia,

462 598 531 669 in
568 595 807 668 Galliis
845 592 1118 688 plutima
1149 589 1645 690 ferroigneque
1680 598 1981 687 corrupta
2016 590 2202 666 sunt:
2250 592 2510 665 sed-illis

463 694 611 795 post
630 694 798 766 varia
818 690 1187 766 discrimina
1210 718 1336 791 pax
1356 693 1599 790 placuit
1619 739 1641 775 ‚
1663 699 1728 765 &
1754 691 2257 766 concedentibus
2273 695 2516 773 Gallis.

464 793 843 869 Neusttiam
878 787 1287 873 insederunt,
1339 817 1536 891 quam
1569 793 1806 864 exinde
1841 816 2162 867 vocavere
2178 797 2517 867 Norman-
2586 828 2592 830 ·

466 895 664 967 niam.
720 891 913 965 Adeo
932 891 1177 964 nihilin
1196 894 1460 989 Europa
1475 894 1793 980 iuntafium
1812 892 1937 961 illis
1951 887 2095 977 fuit,
2125 902 2199 967 δι
2219 892 2520 967 omnibus

467 989 906 1066 formidabiles
931 1047 952 1075 ‚
1004 992 1199 1066 etiam
1234 994 1434 1093 vulgo
1464 992 1776 1064 indomiti
1815 986 2249 1069 censebantur.
2327 994 2528 1069 Unde

467 1113 647 1165 tanta
665 1090 869 1165 hodie·
882 1090 1250 1179 multitudo,
1272 1095 1340 1162 δε
1362 1093 1540 1165 velut
1561 1087 1708 1164 fons
1723 1092 2009 1191 gentium
2025 1093 2289 1180 aruerit,
2310 1095 2532 1165 incer-

468 1214 608 1266 tum
629 1192 724 1265 est
744 1219 766 1264 t
803 1202 977 1264 certe
994 1192 1126 1284 jam
1140 1183 1355 1263 'minus
1379 1190 1598 1264 crebra
1613 1194 1680 1264 in
1697 1194 1828 1264 illis
1846 1190 2203 1294 regionibus
2221 1191 2475 1290 oppida
2497 1218 2522 1264 t

468 1312 846 1391 tantumque
861 1288 901 1361 ὲ
925 1288 1259 1362 mittendis
1280 1291 1563 1362 coloniis
1573 1289 1797 1363 absunt
1814 1338 1840 1374 ,
1893 1313 1961 1362 ut
1978 1341 2001 1374 ,
2036 1315 2180 1364 cum
2211 1289 2392 1362 bella
2410 1291 2525 1363 in·-

468 1393 778 1492 gruerint‚
799 1411 1068 1487 externo
1087 1389 1296 1463 milite
1316 1392 1412 1462 uti
1431 1389 1861 1465 consuescant.
1916 1390 2341 1474 ,Crediderim
2363 1390 2525 1477 bar·

467 1492 645 1563 baras
682 1511 910 1591 gentes
929 1539 951 1571 ,
989 1513 1137 1561 cum
1175 1486 1455 1591 frugales
1488 1482 1586 1564 ibi
1604 1486 1773 1566 olim
1785 1490 2114 1565 ininculto
2130 1487 2266 1563 solo
2282 1486 2518 1569 ess'ent,

461 1590 827 1690 ignataeque
848 1590 1152 1661 vitiorum
1173 1634 1196 1666 ‚
1218 1593 1421 1661 multa
1442 1587 1671 1663 sobole
1687 1588 2045 1666 increviffe.
2092 1594 2188 1666 Et
2218 1592 2520 1693 quoniam

465 1687 810 1763 infelicitas
827 1708 1013 1762 terrae
1028 1689 1371 1761 numeroso
1393 1695 1642 1787 populo
1664 1697 1978 1763 alimenta
2014 1691 2289 1791 negabat
2310 1741 2337 1777 ‚
2368 1687 2538 1789 (προ

468 1786 1181 1884 dimifissejuventutem
1203 1817 1397 1861 novas
1419 1788 1597 1861 sedes
1622 1793 2026 1889 quaesituram
2050 1824 2074 1883 3
2105 1787 2294 1865 cui-se
2307 1788 2538 1889 sponte

471 1910 625 1962 tunc
644 1892 858 1963 omnis
876 1891 1080 1962 aetatis
1097 1886 1395 1961 homines
1417 1893 1832 1989 applicabant
1862 1923 1876 1961 :
1940 1897 2139 1963 Nunc
2175 1910 2398 1976 antem
2432 1890 2540 1960 in-

468 1985 627 2061 sano
659 1984 1043 2062 comessandi
1080 1988 1469 2089 bibendique
1511 1993 1672 2061 vitio
1704 1989 1968 2061 obruissi'e
1986 1987 2337 2085 genitalem
2357 1988 2528 2074 vim,

472 2114 596 2161 nec
619 2088 1024 2173 „habitatores
1060 2089 1175 2160 nili
1219 2089 1335 2160 suis
1381 2091 1742 2188 regionibus
1786 2089 2070 2160 sufficere
2107 2084 2314 2184 posse.
2369 2088 2530 2158 Illic

474 2189 834 2260 Germania
853 2190 1232 2286 perpotandi
1257 2192 1458 2262 studio
1477 2188 1806 2284 superatur.
1886 2192 2080 2256 Mane
2105 2187 2405 2285 primum
2419 2210 2540 2259 ex·-

469 2289 651 2356 citati
683 2285 1084 2360 stomachum
1103 2291 1383 2384 implent
1407 2290 1644 2386 ingesto
1668 2288 2054 2358 calidissimo
2080 2308 2247 2384 potu
2269 2338 2294 2375 ,
2334 2311 2531 2386 quem

468 2382 700 2484 abipso
724 2386 1045 2486 vinoigne
1064 2393 1453 2484 exprinumt.
1521 2392 1622 2458 Sic
1654 2384 1920 2456 tcfcffis
1948 2436 1970 2466 ,
2016 2383 2201 2458 missa
2237 2385 2318 2460 ad
2343 2407 2534 2486 caput

471 2487 791 2560 aestuantis
832 2489 1119 2586 potionis
1165 2492 1375 2586 caligo
1401 2486 1601 2558 somni
1628 2488 2050 2582 cupiditatem
2080 2483 2273 2559 facit:
2324 2486 2533 2557 brevis
2624 2486 2629 2490 ⁶

470 2589 657 2687 quies
676 2585 769 2658 est
790 2644 805 2669 ,
848 2587 1189 2686 rursusque·
1208 2586 1510 2660 secedunt
1549 2590 1626 2658 ad
1665 2606 1920 2685 potum.
1987 2590 2238 2663 Vinum
2259 2608 2409 2658 tunc
2428 2584 2532 2657 bi-

475 2688 637 2759 bunt
661 2736 681 2772 ‚
704 2710 805 2757 aut
828 2686 870 2755 fi
894 2688 1157 2784 quibus,
1199 2709 1551 2768 iit-vocant,
1574 2685 1832 2760 cervilia
1850 2689 2090 2783 placet.
2142 2681 2366 2781 04:08
2374 2684 2532 2758 inde

468 2783 653 2878 spatii
690 2785 766 2854 ad
800 2785 1083 2855 medium
1121 2786 1299 2858 diem
1337 2785 1476 2872 est,
1517 2787 1811 2887 negociis
1848 2785 2052 2861 datur.
2120 2786 2426 2858 Tandem
2445 2783 2527 2856 ad

471 2882 807 2980 prandium
828 2886 1224 2957 conveniunt
1246 2936 1270 2971 ‚
1285 2886 1463 2986 quod
1484 2890 1706 2986 utique
1720 2882 1888 2985 saepe
1906 2913 2031 2956 non
2048 2883 2338 2955 dubitant
2355 2907 2522 2952 con-

473 2980 736 3063 tinuatis
776 2977 1170 3055 sermonibus
1208 2987 1277 3058 in
1312 3011 1522 3058 coenae
1559 3008 1814 3086 tempus
1851 2981 2207 3056 extrahere:
2265 2979 2516 3051 hincne

477 3085 825 3182 plurimum
846 3081 913 3154 in
928 3080 1250 3156 thalamos
1270 3083 1641 3157 deferuntur
1660 3133 1681 3167 ‚
1723 3083 2127 3158 contumelias
2156 3103 2283 3152 nec
2299 3075 2526 3151 facete

472 3183 794 3282 prompti,
809 3207 927 3255 nec
947 3184 1101 3284 pati.
1156 3188 1353 3256 Datae
1373 3184 1650 3258 dextera:
1674 3184 1872 3258 fidem
1890 3208 2023 3256 non
2034 3181 2301 3252 violant.
2342 3181 2538 3252 Mul-

476 3289 547 3352 t‘a
567 3284 979 3357 Germanica:
1001 3285 1068 3355 in
1086 3281 1187 3355 his
1203 3286 1439 3385 linguae
1462 3280 1602 3355 sunt
1623 3331 1647 3368 ,
1685 3283 1794 3358 sed
1830 3286 1901 3358 in
1919 3281 2202 3358 motibus
2219 3283 2402 3381 plura
2422 3305 2540 3356 ve-

476 3377 689 3480 stigia.

583 3486 601 3516 ¹
628 3484 1041 3584 Norvegiam
1072 3482 1194 3555 tari
1231 3483 1462 3556 incolae
1498 3504 1748 3555 tenent.
1825 3487 1929 3559 Ut
1950 3482 2301 3582 plurimum
2334 3501 2532 3551 vena-

549 3590 569 3602 *
2355 3579 2538 3649 tione

549 3728 575 3765 1
615 3719 877 3786 Nos-vegim
890 3717 985 3769 τοι·
996 3718 1131 3767 incola
1142 3716 1335 3780 teman]
1364 3718 1475 3766 Hac
1535 3715 1717 3783 straque
1747 3713 1890 3766 habet
1919 3713 1980 3766 ab
2015 3715 2197 3767 Austro
2239 3714 2532 3767 Cimbricam

483 3776 860 3850 septentrionalis
886 3801 970 3836 ota
986 3790 1235 3835 Danomm
1255 3785 1369 3853 Regi
1387 3800 1470 3849 pa·
1537 3781 1914 3841 Chersonesum3
1947 3782 2010 3833 ab
2046 3789 2172 3835 ortu
2200 3787 2456 3844 sueciam3
2479 3778 2540 3830 ad

474 3851 593 3911 tite:
607 3848 811 3917 subiecta
825 3851 889 3904 est
904 3869 1015 3906 etim
1033 3853 1185 3904 onnia
1198 3865 1324 3910 tota,
1346 3854 1474 3905 clau-
1537 3851 1765 3910 occasum
1779 3853 1964 3905 Oceani
1979 3851 2198 3905 fustibus
2218 3848 2553 3971 alluitnuottzatzd²
