2738 4475
511 252 660 346 '324
971 245 1484 319 Roranam.
1532 245 2029 316 Sarrum

514 360 1001 461 navigationem
1035 362 1350 434 intendas.
1402 366 1585 438 Nam
1618 369 1687 435 δε
1717 360 1796 432 de
1828 360 1994 433 vivis
2025 355 2312 450 fontibus
2335 361 2556 436 multae

511 487 689 560 aquae
710 459 1074 544 hauriuntur
1091 520 1112 546 ,
1135 487 1215 532 ne
1232 462 1492 562 quidem
1516 460 1924 532 sentientibus
1942 462 1993 530 ri
2021 451 2097 530 ‘is
2116 516 2138 544 ,
2172 465 2238 530 &
2258 483 2399 530 tuas
2414 459 2551 534 sor-

515 561 627 632 des
644 563 812 631 eluet
829 559 1124 658 pretiosae
1145 585 1428 660 purpurae
1453 563 1804 643 conracius,
1823 584 1920 645 ac,
1947 571 1963 601 ¹
1987 487 2231 656 (isupra
2251 558 2548 631 Philoso-

507 657 713 757 phum
735 659 903 730 dona
920 681 1127 745 erunt,
1149 685 1368 732 tamen
1395 657 1829 730 Alexandrum
1849 659 2187 730 decebunt.
2338 723 2365 747 ,

545 807 572 834 -ffl
606 763 786 829 Inter
804 758 915 828 has
934 782 1138 843 curas,
1159 757 1521 830 miserrima:
1544 758 1810 855 quidem
1831 757 2237 830 mortalitatis
2254 753 2547 839 ludibria,

501 855 692 926 utiles
728 877 949 928 tamen
970 857 1047 930 ad
1081 857 1415 955 presidium
1448 856 1790 929 seneehuis
1807 913 1829 942 ‚
1871 854 2206 946 lifacilitas
2224 880 2428 927 rerum
2443 877 2547 927 aut

502 956 886 1054 magnitudo
921 958 1168 1056 ingenii
1204 958 1531 1056 reliquerit
1561 959 1768 1028 otium
1788 1005 1812 1041 ,
1840 955 1917 1027 ad
1952 956 2389 1028 eruditionem
2407 979 2548 1028 cum

552 1054 941 1127 ulcherrimo
961 1057 1179 1128 labore
1194 1059 1500 1128 colendus
1521 1057 1614 1127 est
1630 1057 2018 1154 animus,qui
2040 1056 2161 1127 hac
2184 1054 2551 1127 deflexione

497 1078 844 1234 forensium
865 1181 1097 1236 rerum,
1120 1158 1318 1229 veluti
1339 1155 1617 1254 quodam
1638 1156 1818 1241 lude,
1841 1153 1974 1226 suas
1992 1179 2165 1226 curas
2184 1152 2542 1251 mitigabat.

502 1257 605 1328 At
641 1277 794 1350 verp
825 1278 969 1324 cum
1007 1255 1335 1327 emerserit
1372 1255 1642 1326 liberalis
1667 1255 1913 1326 animus
1933 1257 2012 1327 de
2030 1253 2362 1326 formidine
2385 1277 2544 1350 pau-

498 1353 767 1449 pertatis
790 1400 816 1437 ,
836 1354 936 1423 vel
960 1376 1104 1422 cum
1126 1352 1439 1426 satiaverit
1464 1352 1778 1426 modestas
1798 1350 2111 1426 honorum
2130 1351 2539 1450 cupiditates,

499 1458 573 1525 δι
609 1455 847 1548 poterit
889 1449 1022 1522 suas
1066 1452 1279 1524 literas
1304 1457 1469 1526 inter
1485 1450 1889 1551 splendorem
1911 1454 2285 1555 dignitatum
2303 1450 2538 1541 majori

496 1548 877 1649 praejudicio
907 1550 1229 1625 ostentare
1244 1609 1264 1637 ‚
1309 1575 1449 1627 tum
1487 1579 1641 1625 vero
1677 1554 2124 1653 permittenda:
2142 1549 2275 1622 sunt
2293 1545 2541 1644 habene

493 1649 606 1723 isti
624 1648 963 1722 ambitioni
983 1700 1005 1732 ,
1029 1673 1168 1727 tum
1192 1656 1447 1751 inquam
1466 1655 1664 1726 acrius
1687 1648 2205 1725 descendendum
2228 1649 2302 1722 ad
2322 1670 2547 1747 perpe-

497 1771 648 1823 tuos
687 1752 949 1850 quidem
972 1750 1317 1825 studiorum
1339 1752 1586 1822 labores
1607 1800 1630 1836 ,
1653 1748 1689 1821 s
1680 1751 1757 1822 ed
1780 1752 2013 1848 dignos
2031 1748 2441 1821 mortalitatis
2462 1740 2552 1816 fa·

497 1848 792 1948 stigio,&
804 1850 1040 1926 sudoris
1061 1873 1343 1948 preterea
1360 1853 1523 1920 rivos
1534 1875 1646 1944 per
1656 1850 2075 1942 multiplicem
2095 1846 2557 1917 amoenitatem

495 1946 829 2046 plusquam
867 1951 1044 2045 Apio
1078 1972 1180 2018 aut
1203 1945 1502 2019 Oleastro
1520 1946 1949 2038 detergentes,
2007 1942 2179 2011 lniis
2202 1940 2553 2010 domestici

493 2046 703 2119 solatii
743 2044 835 2114 ¹vis
869 2048 1135 2137 ingens,
1174 2052 1241 2112 &
1278 2066 1389 2135 per
1419 2037 1887 2133 stupescentem
1920 2059 2172 2107 tuorum
2205 2037 2542 2133 equalium

488 2142 838 2213 barbariem
871 2138 1305 2222 admirationis
1333 2157 1641 2210 externae.
1697 2137 1816 2207 Per
1853 2134 2016 2206 hanc
2038 2130 2276 2216 famam
2293 2154 2365 2205 ut
2389 2159 2553 2206 om-

483 2242 590 2311 nia
607 2233 897 2307 felicibus
914 2233 1224 2305 accedunt
1243 2283 1266 2319 ‚
1288 2232 1368 2305 fic
1389 2233 1560 2333 quod
1585 2236 1884 2334 supererit
1905 2234 1984 2308 ad
1999 2232 2211 2308 editos
2225 2233 2550 2317 bonores,

481 2336 722 2435 poteris
765 2328 1039 2403 faciliori
1070 2331 1320 2404 ascensu
1339 2336 1620 2407 emetiri.
1676 2334 1876 2424 Quod
1894 2332 1938 2406 si
1960 2336 2103 2435 quis
2121 2354 2253 2405 tam
2276 2331 2545 2406 robusto

484 2436 703 2508 animo
720 2433 841 2504 erit
862 2481 885 2517 ‚
911 2454 981 2503 ut
1000 2430 1351 2531 acquiescat
1372 2436 1482 2504 uni
1502 2432 1793 2506 suavitati
1806 2436 2134 2506 literarum
2151 2481 2178 2518 ‚
2211 2457 2536 2532 omneque

487 2531 893 2631 dispendium
908 2528 1074 2602 infra
1092 2531 1527 2623 celebritatem
1547 2556 1769 2631 ponat,
1788 2542 1852 2609 δι
1880 2560 1994 2632 par
2009 2534 2338 2634 ingenium
2353 2551 2532 2626 tante

489 2631 818 2719 nobilitati
834 2626 1230 2703 effervescat:
1253 2633 1490 2703 Valete
1511 2629 1759 2731 fastigia
1778 2634 1841 2705 di
1895 2635 2188 2711 nitatum‚
2210 2637 2276 2703 δι
2297 2629 2538 2703 haben·

490 2734 557 2804 di
594 2731 804 2804 libido
839 2756 954 2827 per
983 2724 1145 2827 ipsas
1162 2755 1321 2828 opes
1339 2735 1569 2805 excita.
1626 2738 1776 2832 Hec
1799 2661 2238 2830 Pffiilosopbia,
2259 2728 2532 2827 &inopi

485 2833 733 2917 left-ulo
762 2828 1046 2900 demersa
1078 2854 1413 2927 paupertas
1429 2881 1452 2917 ‚
1494 2857 1641 2903 cum
1663 2834 1839 2904 volet
1859 2890 1880 2918 ,
1901 2833 2087 2905 certis
2105 2831 2244 2902 telis
2261 2851 2533 2901 omnem

487 2929 1003 3031 magnitudinem
1043 2952 1259 3024 petet,
1299 2927 1405 3000 sua
1431 2934 1604 3003 mole
1621 2932 1977 3003 vulneribus
1998 2949 2337 3027 patentem.
2395 2923 2531 2998 Sed

467 3036 470 3039 ’
491 3036 561 3102 &
580 3029 792 3128 longis
813 3028 1131 3126 preconiis
1151 3023 1451 3126 supererit
1472 3027 1581 3101 suo
1600 3025 1810 3103 seculo
1828 3055 1971 3100 curn
1989 3031 2131 3098 luxu
2148 3023 2536 3124 ambituque

485 3131 820 3210 morienti,
854 3150 1063 3224 neque
1095 3129 1217 3198 ulla
1251 3124 1450 3227 spatia
1466 3126 1780 3202 definient
1797 3128 2006 3200 doeiae
2029 3123 2274 3197 virtutis
2297 3148 2535 3223 peren-

489 3232 785 3302 nitatem.
841 3233 1091 3303 Verum
1132 3224 1269 3298 haec
1299 3225 1395 3299 est
1428 3228 1576 3300 dura
1600 3238 1666 3304 &
1688 3252 1864 3327 paene
1886 3221 2202 3325 sylvestris
2220 3222 2531 3304 eruditio,

487 3352 654 3424 quae,
678 3328 718 3398 fi
747 3353 851 3398 me
882 3326 1137 3397 audient
1159 3372 1180 3407 ,
1202 3330 1439 3398 multos
1458 3327 1716 3400 habebit
1733 3326 2126 3413 laudatores3
2166 3322 2288 3395 rari
2311 3344 2526 3396 autem

486 3427 882 3496 excellentes
900 3426 1146 3496 animos
1170 3447 1346 3497 tanta
1364 3430 1692 3527 rigiditate
1710 3427 2023 3501 imbuent.
2372 3492 2488 3563 Ne

489 3598 490 3607 ¹
561 3606 586 3641 r
623 3595 803 3658 sifiapra
823 3592 1223 3663 Philossphmdonae
1236 3606 1470 3654 mnr,rae-
1525 3610 1631 3644 cum
1648 3594 2013 3664 interrogaretur
2026 3593 2088 3645 ab
2103 3592 2368 3647 Alamdro
2385 3590 2525 3659 quid·-

482 3674 580 3709 um
607 3660 920 3710 Alexandrum
945 3664 1187 3728 decebat-J
1214 3665 1393 3712 Notum
1406 3663 1479 3729 est?
1523 3663 1635 3729 quid
1669 3666 1827 3721 vellet.
1861 3664 1912 3714 id
1947 3660 1991 3714 se
2025 3664 2246 3718 daturum
2270 3662 2514 3727 fiptmss

482 3743 624 3795 quam
651 3728 850 3779 liberalis
891 3728 1028 3780 fuerit
1074 3733 1122 3780 in
1166 3728 1466 3780 Aristotelem
1529 3728 1787 3799 Respondit
1820 3734 2098 3801 Diogenes,
2129 3745 2184 3789 ut
2211 3720 2517 3803 paululum&

483 3796 775 3857 Alexander,
808 3798 908 3848 imo
936 3798 999 3849 δι
1016 3800 1068 3851 in
1084 3800 1366 3869 Diogenem,
1386 3800 1467 3869 qui
1523 3795 1620 3852 sole
1635 3797 1717 3854 suo
1731 3799 2016 3855 defleaerer.
2152 3822 2153 3827 ¹

2266 3826 2296 3917 ἰ
2335 3857 2502 3933 urm-4,
