2738 4475
889 255 1586 326 Pansv.
2124 254 2266 345 585

241 369 405 432 verse
424 369 488 430 ad
504 369 789 446 antiquam
803 368 1114 426 libertatem
1132 367 1289 427 suum
1310 370 1430 427 iter.
1478 369 1668 446 Qare
1685 366 1864 444 magis
1877 369 2156 445 congruit,
2170 370 2279 427 fin·

318 450 398 507 los
417 471 514 508 vos
530 454 586 507 ὃ(
599 446 883 505 universos
898 464 1001 522 pro
1017 446 1184 506 salute
1204 448 1373 505 vestra
1391 448 1532 504 serio
1546 444 1860 522 providere,
1899 463 1969 509 ne
2000 444 2281 505 sceleratis·

239 470 360 587 igilbi
390 527 652 587 homines
679 538 764 582 tot
794 525 1067 583 damnatae
1100 526 1345 583 libidinis
1380 529 1556 600 stupra
1604 521 1989 581 commiserint
2033 524 2277 598 impune.

243 610 531 666 Perierunt
553 606 763 668 omnia,
786 603 900 667 ubi,
920 605 1197 681 quidquid
1218 604 1467 679 potentia
1482 600 1681 660 suadet.
1701 599 2049 679 indulgentia
2064 604 2291 674 permit·

239 688 330 745 tit.
375 689 576 743 Unum
597 684 705 739 hoc
723 700 1053 741 communes
1072 681 1310 740 miserias
1325 681 1557 740 solatur.
1589 679 1741 757 quod
1768 680 1862 737 diu
1896 698 2010 737 non
2028 679 2289 755 perdurat

236 759 720 903 3335523335?
742 761 988 916 ’,ῗὲῗὲ
986 780 1054 914 {2¹1¹
1048 759 1839 897 3ῗέἒὲιέῖὶἷῖἲῖὼεῖἕὲ
1840 770 2174 895 ἕςῖἒὲεἷέἱὲἒ
2187 778 2292 905 ἷέ

243 919 401 1000 quod
424 918 454 979 ὲ
479 917 701 996 fingulis
720 914 835 975 fieri
853 936 967 974 non
985 918 1202 993 potuit,
1238 928 1447 975 teretur
1466 936 1563 993 per
1578 912 1813 972 turbam.
1875 916 2092 974 Vivunt
2119 920 2289 977 etiam

246 1016 398 1057 nunc
415 998 577 1056 alieni
593 1010 832 1072 raptores
852 995 1108 1059 honoris
1152 998 1209 1054 &
1225 993 1452 1074 saginati
1471 1034 1488 1060 ‚
1515 990 1799 1052 beneficiis
1810 1012 1934 1072 quae
1949 1013 2049 1054 nos
2068 994 2164 1070 ipfi
2181 996 2290 1055 lar-

240 1079 385 1154 giter
402 1077 693 1152 injecimus
709 1114 726 1138 ‚
755 1075 1022 1132 uxoribus
1036 1071 1338 1153 liberisque
1353 1074 1547 1131 nostris
1565 1071 1799 1130 inhiant.
1859 1071 2129 1131 Miscetur
2146 1077 2204 1133 in
2223 1096 2291 1133 u.

194 1171 200 1182 ·
237 1175 377 1215 num
398 1152 682 1230 utriusque
697 1151 856 1211 sexus
870 1172 938 1210 cu
982 1153 1075 1210 ido
1094 1154 1327 1228 ;&jam‚
1343 1150 1662 1228 posthabito
1682 1148 2041 1210 foeminarum
2059 1154 2288 1228 pudore.

234 1252 378 1294 nova
392 1233 613 1292 luxuria
629 1231 789 1289 litant
802 1172 996 1290 avet-Ee
1011 1232 1212 1288 Veneri
1230 1247 1250 1300 3
1300 1235 1357 1291 δι
1388 1226 1939 1288 formofiusculorum
1969 1231 2290 1292 adolescen-
2323 1255 2377 1300 5«

234 1323 360 1371 turn
375 1310 659 1391 pudicitiae
674 1322 1003 1368 attentantes
1021 1346 1039 1370 .
1069 1306 1277 1368 multos
1306 1308 1597 1386 Pigiciacis
1627 1304 1784 1365 fieris
1813 1308 2054 1368 initiant.
2104 1314 2292 1370 Taceo

235 1390 579 1451 Ralladevii‚
603 1386 879 1454 Rillarvii,
898 1388 1224 1454 Naimurdi,
1244 1392 1298 1449 δι
1317 1385 1555 1444 aliorum
1578 1384 1878 1444 notiffimas
1894 1384 2246 1449 scortationes
2264 1414 2284 1459 ς
2357 1413 2370 1424 ·

235 1468 380 1530 ultra
399 1467 773 1527 calamitatem
787 1467 1065 1541 publicam
1086 1484 1204 1540 pun
1248 1465 1292 1522 't
1312 1482 1404 1522 me
1416 1464 1786 1522 domesticum
1808 1466 2039 1524 malum.
2100 1468 2208 1526 Hic
2228 1468 2293 1525 fi-

232 1545 343 1606 lius
362 1587 380 1613 ‚
408 1549 508 1624 qui
526 1585 541 1610 ,
561 1558 788 1620 propter
806 1562 900 1600 me
919 1582 936 1607 ‚
954 1543 1089 1599 fletu
1105 1560 1164 1599 m
1237 1561 1332 1599 ens
1347 1582 1364 1607 ‚
1380 1541 1549 1600 adstat
1569 1581 1585 1607 ,
1601 1543 1659 1598 in
1676 1541 1730 1601 se
1747 1561 1923 1603 unum
1942 1544 2123 1604 sensus
2139 1564 2297 1604 meos

237 1623 415 1682 trahit
437 1659 455 1684 .
473 1629 530 1684 δι
548 1621 807 1678 animum
823 1660 842 1683 ,
858 1620 1112 1697 alioquin
1129 1619 1262 1678 boni
1283 1619 1493 1697 publici
1511 1617 1941 1696 superstitiosum
1958 1637 2291 1694 amatorem,

243 1699 527 1778 sanguinis
555 1697 920 1775 proximitate
936 1699 1296 1774 praevertitur.
1351 1698 1659 1773 Expectatis
1683 1713 1746 1757 ut
1765 1701 1943 1776 palam
1960 1702 2163 1760 faciam
2181 1702 2297 1760 ini-

250 1797 362 1856 que
379 1781 656 1837 tentatum
670 1773 872 1833 scelus?
911 1775 1083 1834 defint
1113 1773 1380 1836 senectuti
1416 1795 1552 1835 meae
1582 1777 1744 1837 verba
1804 1780 1962 1837 uibus
1980 1779 2132 1839 nefas
2145 1798 2298 1838 coar-

329 1875 419 1914 am
435 1878 454 1910 .·
494 1855 563 1915 ab
586 1854 689 1913 hac
703 1854 931 1928 epistola
951 1856 1226 1930 (porrexit
1244 1854 1524 1932 epistolam
1544 1871 1717 1933 quam
1823 1875 1917 1915 me
1928 1877 2032 1935 pro
2047 1861 2298 1917 carmine

239 1873 522 2010 gipstrat
542 1935 843 2009 Nometus)
877 1931 1069 1993 lascive
1105 1932 1388 2012 obsignata
1412 1933 1585 1992 causae
1617 1952 1755 1991 meae
1769 1932 1970 1994 sumite
1995 1955 2293 2016 argumen-

233 2025 363 2072 tum
388 2032 401 2068 :
444 2011 567 2070 satis
592 2010 688 2070 illa
717 2028 821 2086 pro
849 2031 943 2069 me
975 2011 1268 2091 loquetur,
1312 2013 1451 2071 dum
1488 2013 1809 2071 Nemetum
1844 2014 2038 2073 nefarii
2087 2012 2297 2076 sceleris

232 2108 398 2149 reum
414 2090 445 2150 ὲ
471 2091 565 2150 sua
583 2108 749 2148 manu
764 2089 1075 2149 damnabit.

325 2172 474 2227 Cum
496 2170 602 2227 isto
627 2165 734 2224 fine
747 2164 1017 2225 sermonis
1035 2208 1053 2234 ,
1081 2167 1306 2226 resolvit
1317 2169 1567 2237 vincula,
1599 2172 1893 2230 amatorias
1924 2170 2148 2229 tabellas
2174 2190 2294 2232 non

246 2246 359 2307 fine
376 2248 515 2311 luxu
530 2247 629 2306 sub
645 2245 917 2306 secretum
937 2250 1183 2307 tenentia
1195 2286 1215 2314 ‚
1242 2251 1298 2307 δε
1312 2288 1331 2314 ,
1363 2247 1546 2308 altiori
1560 2268 1731 2329 quam
1748 2265 1907 2310 antea
1923 2269 2058 2309 voce
2075 2291 2093 2317 ,
2137 2253 2296 2330 quod

241 2325 494 2407 sequitur
527 2325 677 2407 legit.
1097 2412 1107 2420 ὑ

562 2504 1145 2581 NOMETus
1213 2505 1832 2578 DAPHNIDI
1907 2506 1979 2576 S.

265 2655 598 2775 ustrina
627 2670 723 2714 tua
754 2657 931 2732 major
960 2656 1037 2715 est
1071 2657 1317 2715 flammis
1345 2656 1654 2733 Cupidinis.
1695 2657 1983 2714 enimvero
1995 2667 2053 2714 te
2070 2657 2303 2717 diffimi-

416 2738 530 2792 lem
554 2735 777 2791 Veneris
795 2733 912 2792 filio
925 2733 1173 2793 fecerunt
1191 2737 1332 2792 Fata.
1390 2737 1536 2794 inter
1564 2753 1660 2793 vos
1691 2734 1831 2793 nihil
1861 2736 2158 2803 convenit,
2199 2739 2303 2797 nili

257 2812 422 2893 quod
438 2832 596 2892 oeque
614 2811 844 2871 formofi
858 2811 969 2870 fine
984 2813 1198 2871 deleEtu
1215 2811 1573 2890 specta-utinm
1591 2813 1903 2890 pestoribus
1929 2814 2120 2891 paffim
2149 2820 2207 2876 &
2236 2836 2303 2874 u-

261 2894 437 2971 bique
456 2907 615 2950 atrox
634 2893 869 2950 movetis
889 2891 1230 2950 incendium.
1288 2892 1391 2949 Sed
1422 2891 1514 2951 ille
1529 2891 1692 2951 saevus
1706 2895 1854 2950 Deus
1868 2892 1989 2951 aliis
2004 2895 2190 2970 ignem
2210 2896 2308 2953 su-

256 2971 437 3037 scitat,
466 2984 528 3029 tu
545 2970 663 3028 tibi.
707 2973 1040 3047 Numquam
1055 2971 1254 3028 Amori
1271 2972 1510 3049 contigit
1523 2973 1694 3031 amari
1716 2993 1728 3029 :
1744 2986 1800 3029 te
1816 2991 1946 3029 vero
1964 2988 2306 3051 amantquoe

260 3070 447 3111 amare
465 3062 720 3128 torques:
763 3067 867 3107 nec
885 3049 1033 3127 fugit
1048 3049 1159 3108 ille.
1175 3068 1345 3126 quem
1367 3047 1511 3127 figis,
1530 3050 1618 3108 fied
1634 3049 1931 3108 delectatur
1948 3052 2176 3108 vulnere
2190 3051 2309 3117 suo.

256 3136 313 3192 ε(
330 3129 398 3187 ab
414 3130 528 3187 istu
548 3145 653 3187 tuo
667 3128 871 3206 gaudet
990 3128 1081 3185 're.
1123 3129 1343 3185 Morior
1360 3167 1378 3191 ,
1394 3130 1432 3187 fi
1451 3167 1465 3191 .
1487 3129 1637 3206 quod
1657 3128 1833 3187 sentio
1848 3168 1864 3193 ,
1885 3127 2027 3184 scio:
2070 3130 2206 3185 adeo
2232 3130 2309 3190 fel

259 3222 423 3266 tunm
444 3246 462 3270 .
495 3207 608 3265 mel
638 3209 746 3265 est:
787 3210 843 3264 δι’.
873 3208 891 3263 i
916 3206 954 3263 li
984 3201 1241 3264 flammei
1254 3205 1406 3263 oculi
1424 3208 1536 3272 tui,
1586 3225 1652 3263 ex
1668 3205 1892 3263 occulto
1906 3204 2066 3261 dulce
2087 3208 2308 3267 laedunt.

265 3287 391 3342 Hoc
422 3303 598 3343 unum
635 3298 691 3342 te
721 3301 913 3343 tamen
943 3285 1195 3342 effliffim
1211 3285 1507 3361 deprecor,
1542 3302 1610 3341 ne
1628 3282 1873 3340 mortalis
1893 3280 2306 3344 bominisillius

265 3360 598 3438 obsequium
621 3362 851 3421 fastidias
875 3365 1005 3497 ,3ξί
1023 3381 1125 3439 pro
1141 3377 1195 3420 te
1213 3377 1428 3439 paratus
1443 3362 1589 3433 assari
1609 3400 1625 3426 ,
1647 3380 1877 3419 omnem
1896 3360 2068 3421 alium
2084 3365 2309 3426 cultum

265 3442 435 3520 ponit
451 3441 510 3498 in
529 3439 762 3499 fastidio.
844 3443 894 3494 V
983 3480 999 3496 .
1357 3456 1367 3464 ”

351 3519 587 3577 Interim
619 3517 801 3576 saevire
833 3518 1063 3596 vulgus,
1105 3524 1160 3579 St
1189 3522 1407 3597 injuriae
1420 3520 1702 3577 atrocitate
1725 3518 1781 3575 in
1802 3515 2124 3575 seditionem
2147 3515 2313 3577 ferri:

265 3596 472 3656 ebullit
490 3614 751 3653 murmur
769 3636 784 3661 ,
827 3604 882 3658 δε
917 3598 1265 3657 inconcinnae
1289 3618 1454 3673 yoces
1483 3600 1634 3655 vario
1658 3597 1885 3654 fremitu
1902 3598 2070 3653 rostra
2090 3594 2312 3654 feriunt.

265 3680 423 3735 Cum
438 3674 533 3733 ille
548 3675 643 3751 qui
666 3674 872 3733 senatui
890 3692 1130 3750 praeerat‚
1148 3679 1438 3755 postquam
1458 3678 1667 3734 mutuis
1683 3673 1902 3731 susurris
1918 3673 1946 3732 ὲ
1964 3677 2313 3732 circumstan-

264 3768 324 3813 te
344 3754 670 3833 magistratu
688 3751 820 3810 suffr
895 3755 945 3811 'a
960 3758 1176 3833 excepit
1192 3795 1209 3820 ‚
1221 3755 1366 3830 juffo
1388 3753 1623 3818 silentio,
1648 3767 1914 3832 praetextu
1936 3753 2110 3809 nodis
2123 3754 2322 3809 adven-

267 3833 447 3896 tantis
460 3834 524 3894 in
537 3833 837 3895 crastinum
893 3834 1004 3893 iem
1018 3832 1227 3894 mulam
1241 3833 1466 3894 distulit.
1507 3830 1595 3890 Ab
1616 3872 1632 3900 ,
1647 3851 1816 3911 quam
1831 3828 2045 3891 securus
2064 3832 2157 3898 est,
2173 3826 2323 3915 quil*-

1344 3913 1449 3991 ρο
1492 3929 1530 3990 5
1902 3914 1907 3921 ’
2196 3924 2318 3984 quis
