2738 4475
863 289 926 365 Ρ
1022 299 1074 366 Α·
1171 317 1228 367 ιι
1329 317 1365 368 s
1482 297 1557 369 V
1573 296 1631 366 Ι.
2109 310 2260 384 709

290 410 347 467 6.
385 403 697 480 Quaefitum
719 407 774 466 &
790 405 858 465 de
873 404 976 466 fitu
991 410 1193 468 mundi
1211 452 1228 477 ,
1245 417 1302 471 δι
1317 429 1388 470 an
1405 410 1588 487 plures
1602 410 1726 469 fiat,
1739 405 2130 466 ubisententiae
2149 424 2246 466 va-

195 484 692 642 {23222‘2331'1‘23‘5
703 488 1208 641 Jn‘iz‘ssz'gffittz
1231 489 1480 644 {¹31¹}ss
1484 484 1941 625 ‘’Azmffssxsssiiffiss
1945 484 2240 621 “⁵52331‘2’2'

190 647 375 780 Ἐὲἑα
385 655 539 702 aetate
552 642 691 720 apud
710 643 1008 703 nonnullos
1019 661 1179 704 vetus
1195 666 1340 704 error
1353 646 1502 712 abiit,
1522 587 1896 724 Cogpernicani
1914 642 2234 720 systematis

348 736 514 780 tores.

282 801 385 858 Iste
402 803 529 859 Nic.
546 802 888 877 Copernicus
901 801 1062 881 Belga
1075 841 1094 866 ‚
1138 800 1239 860 sub
1270 801 1444 862 finem
1476 803 1735 881 postremi
1769 801 1937 860 seculi
1955 840 1973 866 ,
2014 801 2100 856 vir
2114 796 2246 856 sane

198 897 317 937 non
338 878 576 958 vulgaris
590 895 762 946 notat,
773 882 1088 960 Origanum
1106 880 1319 941 secutus
1334 901 1547 940 novum
1568 883 1665 941 fibi
1681 881 1869 940 audaci
1886 892 2094 938 conatu
2111 897 2234 936 mo·

198 958 334 1016 litus
348 961 423 1016 est
437 958 634 1018 mundi
646 959 814 1018 situm
831 986 851 1029 5
865 976 1106 1020 veterem
1126 962 1455 1040 antiquavit,
1470 961 1607 1020 dum
1625 963 1683 1020 in
1705 958 1901 1019 mundi
1917 956 2244 1016 meditullio

202 1037 392 1096 Solem
421 1039 636 1100 statuit,
671 1038 878 1115 septem
907 1038 1251 1117 planetarum
1280 1040 1510 1098 orbibus
1539 1040 1688 1118 quafi
1718 1037 1971 1097 satellitio
1986 1038 2237 1094 circum-

206 1116 456 1174 cinctum
473 1153 492 1178 2
504 1130 671 1196 atque
684 1118 999 1177 immobilis
1015 1117 1351 1177 firmamenti
1366 1158 1388 1181 ‚
1402 1122 1604 1195 pariter
1619 1139 1680 1178 ac
1695 1133 1850 1177 terrae
1865 1115 2089 1175 mobilis
2104 1132 2240 1174 cen-

199 1207 351 1252 trum
369 1195 678 1253 immobile.
729 1195 825 1253 Sol
840 1212 1029 1256 tamen
1042 1195 1204 1276 super
1216 1197 1414 1275 polum
1431 1196 1592 1257 suum
1616 1237 1634 1263 ,
1666 1197 1776 1256 five
1803 1196 2090 1253 cardinem
2122 1193 2241 1251 len-

198 1274 331 1332 tiori
347 1289 511 1332 motu
529 1276 775 1334 vertitur.
835 1278 1006 1335 Terra
1015 1292 1204 1335 autem
1237 1276 1387 1355 quafi
1417 1279 1581 1335 unius
1610 1295 1681 1334 ex
1695 1275 1928 1354 planetis
1947 1275 2091 1352 vices
2105 1273 2247 1351 agit,

200 1356 283 1487 ᾗ
271 1353 508 1488 eircdmsxk'r
499 1351 674 1412 solem
693 1366 953 1413 centrum
966 1353 1129 1414 suum
1142 1370 1337 1433 gyrat:
1380 1360 1438 1417 &
1452 1355 1564 1415 hoc
1591 1353 1718 1414 sane
1747 1360 1804 1417 &
1826 1368 2015 1414 motus
2029 1354 2242 1430 irregu-

283 1451 338 1487 es
404 1450 434 1487 e
511 1446 680 1490 ueret.

279 1509 493 1568 Verum
511 1509 982 1575 Galilaeueaueffir
997 1509 1281 1588 specularis
1296 1512 1550 1578 Batavici,
1568 1512 1828 1591 opinioni
1843 1509 2240 1586 Copernicanae

197 1583 423 1644 adhaefit
454 1588 784 1663 pertinacius
800 1629 817 1654 ‚
846 1589 984 1648 dum
1021 1589 1322 1651 versatilem
1341 1591 1618 1651 mundum
1638 1590 1907 1653 defendit,
1923 1588 2246 1647 recentioris

198 1663 355 1722 illius'
374 1662 652 1725 stutentiae
668 1668 835 1724 nimis
848 1668 1176 1744 imprudens
1192 1709 1210 1735 ,
1236 1671 1426 1729 minus
1436 1668 1716 1747 religiosus
1733 1669 1966 1728 scelator
1983 1707 2001 1733 ‚
2039 1666 2107 1724 de
2121 1684 2244 1743 quo

199 1741 497 1826 vulgatum
514 1770 534 1814 3
557 1745 889 1820 commovisti
902 1763 1105 1806 terram
1120 1745 1189 1816 ό·
1206 1749 1520 1824 conturbasti
1534 1768 1665 1806 eam.

283 1827 789 1900 Longomontanus
803 1826 1046 1899 priorem
1062 1824 1392 1885 sententiam
1410 1825 1816 1903 aliquantulum
1835 1824 2044 1884 minuit
2065 1863 2081 1888 ,
2102 1822 2243 1880 dum

204 1900 303 1960 ait,
318 1914 522 1959 terram
538 1902 768 1979 quidem
785 1902 887 1960 effe
901 1905 963 1963 in
982 1917 1175 1962 centro
1191 1905 1392 1964 mundi
1408 1933 1427 1977 3
1446 1904 1534 1963 sed
1551 1903 1702 1983 quafi
1718 1905 1938 1964 cardine
1953 1903 2063 1960 niti
2080 1917 2252 1978 atque

202 1981 365 2038 verti.
406 1979 691 2058 Additque
708 1982 851 2039 intra
866 1981 1103 2059 spatium
1125 2001 1221 2055 24·
1241 1982 1508 2041 horarum
1523 1983 1746 2042 cursum
1761 1985 1808 2060 ej
1818 2003 1876 2040 us
1892 1978 2113 2038 absolvi:
2158 1981 2247 2037 Sic

198 2060 359 2115 enim
375 2060 560 2116 motui
580 2058 718 2117 Solis
732 2060 1017 2139 irregulari
1031 2063 1329 2137 prudenter
1341 2065 1586 2121 occurrit
1605 2102 1622 2128 ‚
1658 2063 1758 2140 qui
1774 2062 1910 2119 solet
1936 2061 2082 2117 intra
2107 2062 2242 2131 246.

193 2136 360 2195 horas
367 2137 530 2212 juxta
539 2139 838 2215 antiquum
857 2143 912 2198 &
931 2141 1108 2216 magis
1126 2141 1347 2218 vulgare
1361 2138 1596 2218 systema
1610 2139 1835 2198 confici.

282 2235 335 2290 7.
376 2215 589 2275 Prodiit
616 2219 785 2275 etiam
816 2236 992 2295 nuper
1024 2217 1237 2277 Oculus
1266 2221 1462 2278 Enoch
1483 2260 1499 2286 ‚
1530 2225 1585 2282 &
1604 2219 1733 2278 Eliae
1748 2259 1765 2285 ‚
1795 2220 1856 2276 in
1887 2234 2001 2294 quo
2019 2228 2250 2274 notatur

203 2295 447 2353 mundus
458 2314 633 2354 novus
650 2297 710 2352 in
724 2295 861 2353 orbe
877 2300 1050 2356 Lunae
1064 2335 1082 2361 ‚
1122 2299 1192 2355 ab
1224 2299 1450 2355 auetore
1481 2317 1612 2357 cum
1645 2296 1967 2374 perspicillis
1996 2296 2246 2354 animad-

204 2371 460 2507 versums
490 2373 706 2504 &fd-scite
735 2374 1008 2435 distindkas
1022 2388 1190 2434 terras
1202 2375 1271 2434 ab
1284 2378 1441 2454 aquis
1458 2417 1474 2442 ,
1505 2374 1862 2434 mollioribus
1876 2374 2122 2449 partibus
2140 2414 2158 2439 ,
2185 2377 2243 2435 &

204 2468 397 2510 minus
447 2469 533 2507 uer
572 2468 638 2506 is.

287 2530 454 2586 Hunc
468 2525 683 2603 sequuti
702 2542 816 2583 non
831 2527 1027 2602 pauci.
1056 2529 1154 2604 qui
1186 2528 1514 2585 Astronomi
1528 2527 1758 2586 audiunt
1775 2567 1794 2593 ,
1825 2545 2026 2585 novam
2047 2528 2254 2587 obtru·

203 2606 320 2666 sere
339 2602 776 2680 Philosophiam.
797 2606 1069 2663 nimirum
1088 2606 1271 2682 plures
1284 2607 1389 2663 ess'e
1407 2608 1648 2663 mundos
1665 2606 1774 2664 hoc
1788 2606 2000 2683 vulgari
2018 2607 2244 2685 elegan-

200 2687 406 2753 τίοι-ως
447 2685 507 2741 δι
533 2700 619 2739 eas
647 2683 707 2738 in
735 2681 908 2759 globo
937 2682 1114 2743 lunari
1144 2685 1383 2742 maculas
1412 2683 1702 2762 minusque
1734 2684 2029 2759 pellucidas
2043 2700 2252 2760 partes.

194 2782 333 2841 quas
347 2764 407 2820 in
424 2761 877 2839 Lunaarguimus
893 2800 909 2826 ,
941 2761 1092 2820 aliud
1112 2762 1254 2821 nihil
1272 2763 1404 2826 effe.
1429 2782 1598 2841 quam
1619 2783 1801 2841 aquas,
1820 2781 1946 2840 quae
1958 2778 2244 2840 acceptam

195 2843 388 2902 lucem
405 2858 519 2898 non
536 2840 926 2914 repercutiunt.
983 2841 1157 2919 Qod
1188 2860 1321 2900 vero
1350 2839 1692 2918 splendidum
1709 2879 1726 2904 ,
1756 2842 1861 2899 ess'e
1892 2857 2061 2900 terras
2089 2841 2256 2918 ipsas.=

196 2940 325 3000 quae
338 2919 517 2978 radios
534 2917 675 2975 Solis
701 2918 1038 2995 excipientes
1052 2957 1069 2982 ‚
1099 2919 1365 2996 pallidum
1401 2921 1544 2979 istud
1573 2920 1766 2979 lumen
1786 2962 1803 2987 ,
1836 2922 1990 2998 quod
2024 2922 2085 2979 in
2110 2920 2250 2981 luna

198 3000 468 3064 cernitur,
486 2996 739 3055 efficiunt
753 3037 772 3063 ,
801 2998 1013 3056 ratione
1027 2998 1094 3056 ab
1112 2997 1245 3055 orbe
1264 3000 1449 3057 nostro
1462 3001 1556 3059 vix
1569 2999 1812 3058 diffimili
1829 3039 1846 3064 ‚
1903 3001 1957 3056 ui
1975 2997 2258 3060 solaribus-

193 3080 363 3139 radiis
380 3075 701 3156 flagellatus,
716 3074 898 3135 lucem
915 3075 1138 3136 exhibet
1152 3077 1373 3156 fulgore
1388 3080 1504 3155 pari
1519 3079 1844 3143 radiantem.
1912 3077 1976 3134 ed
2015 3098 2105 3136 am
2123 3080 2239 3154 pri·

193 3159 331 3216 dem
355 3158 454 3215 ista
485 3174 558 3213 ex
592 3153 958 3228 Philosophia:
981 3158 1171 3216 nostrae
1186 3155 1416 3217 sacrario
1432 3158 1492 3215 in
1507 3158 1785 3235 gynaeceia
1801 3098 2251 3231 fimpul’atricum.

195 3234 560 3293 eliminantur
578 3271 596 3297 ,
627 3232 914 3312 Poetisque
942 3233 1336 3313 relinquuntur
1350 3277 1369 3303 ,
1400 3238 1498 3315 qui
1533 3240 1863 3296 Nemaeeum
1901 3242 2147 3292 Leonem
2165 3253 2248 3293 ex.

200 3311 369 3451 alvis
398 3316 571 3371 Lunae
594 3313 631 3371 ὲ
642 3310 862 3388 Junone
878 3315 936 3372 N
939 3331 1131 3372 overca
1146 3315 1214 3372 ad
1226 3317 1534 3392 perniciem
1556 3314 1808 3373 Herculis
1818 3312 2113 3372 demiss‘um
2133 3332 2250 3371 vom

275 3406 354 3450 nt.

286 3471 347 3527 8.
390 3471 463 3525 Et
494 3466 619 3525 sunt
648 3487 778 3525 vero
794 3509 812 3533 ,
840 3471 939 3547 qui
969 3488 1085 3530 non
1114 3473 1290 3532 modo
1318 3473 1389 3533 de
1404 3472 1753 3531 orbe-Lunari
1767 3471 1908 3530 istud
1922 3473 2237 3531 commenti

203 3546 338 3607 sunt
370 3545 863 3624 Pythagor-:eorum
890 3550 1210 3611 aueboritate
1238 3551 1400 3610 freti:
1443 3570 1637 3611 verum
1664 3551 1732 3609 de
1746 3551 1950 3609 exteris
1962 3552 2133 3608 etiam
2148 3569 2234 3609 er·.

201 3626 471 3690 rantibus,
487 3625 547 3682 in
562 3643 805 3700 quorum
823 3646 1057 3686 numero
1071 3630 1269 3689 orbem
1286 3649 1515 3711 quoque
1532 3631 1779 3688 nostrum
1794 3626 2089 3695 recensent,
2110 3648 2238 3687 me-

205 3707 369 3764 dium
399 3704 453 3761 ei
485 3703 629 3762 inter
664 3703 902 3781 planetas
919 3705 1106 3767 locum
1122 3710 1426 3769 tribuentes
1442 3750 1458 3776 ‚
1492 3709 1632 3767 Solis
1647 3706 1879 3785 sphaera,
1920 3709 2002 3766 uti
2019 3708 2238 3765 dietum

207 3783 458 3862 superius
475 3823 491 3847 ,
518 3784 578 3841 in
609 3798 801 3841 centro
826 3785 1021 3845 mundi
1049 3789 1364 3848 constituta.
1422 3789 1595 3864 Ajunt
1623 3786 1831 3846 stilicct
1863 3785 2106 3844 Planetas
2121 3802 2239 3843 non

216 3866 295 3926 iis
306 3860 555 3923 scintillis
568 3862 979 3944 ardere‚quibus
991 3866 1162 3927 stellas
1179 3866 1313 3927 fixas
1326 3867 1703 3936 firmamento,
1715 3862 1804 3925 sed
1819 3866 2265 3999 istapcrperNa-me

1238 3950 1293 4005 Y
1309 3964 1349 4023 y
1391 3964 1424 4024 3
2158 3957 2265 4000 am.

1993 3078 2005 3089 o
