2738 4475
869 278 1564 360 PansV.
2078 285 2220 376 5¹97

273 402 501 465 Interim
517 399 727 461 rediere
739 401 945 477 priores
960 404 1133 462 animi
1149 404 1443 483 Protagoni
1460 425 1478 467 ς
1509 398 1883 462 reminiscitur
1896 397 2205 457 Monasonis

198 487 496 561 prudentiae
510 523 527 545 ,
548 479 824 538 fidelitatis
840 519 855 543 .
873 482 1105 539 roboris.
1164 485 1455 540 Nimirum
1474 482 1795 559 praesentem
1811 484 2074 537 virtutem
2095 478 2212 531 odi-

201 582 325 622 mus
341 603 358 629 ,
374 564 629 621 ardemus
642 562 702 616 in
716 558 988 617 absentem
1011 563 1024 614 l
1059 564 1113 617 Ο
1133 563 1289 625 acies,
1304 564 1341 617 ὁ
1358 561 1546 639 fulgor
1563 565 1575 614 l
1595 563 1806 618 niEtant
1822 560 1887 615 ad
1906 556 2054 614 illius
2069 553 2215 629 aspe-

199 642 354 700 &um
376 641 697 698 mortalium
710 637 978 715 palpebrae
992 678 1010 703 ,
1041 645 1098 699 δι
1116 640 1262 697 oculi
1280 641 1450 697 veluti
1465 640 1623 698 radiis
1638 639 1910 696 aestuantis
1924 632 2048 691 solis
2065 632 2212 694 tacti,

198 723 349 779 triste
363 733 558 795 putant
575 719 762 774 lumen
775 756 792 781 ,
821 716 973 793 quod
990 716 1084 775 ubi
1103 732 1356 775 amotum
1375 721 1450 775 est
1468 718 1917 795 videre‘gestiunt.
1972 710 2218 769 Debebat

197 799 308 856 hoc
322 800 508 876 patriae
521 795 768 854 officium
785 793 1056 854 Monason
1071 835 1088 860 ,
1105 812 1168 854 ut
1186 797 1655 874 Protagoncjnstis
1672 796 1880 872 nuptiis
1900 792 2109 853 vindic,
2127 807 2222 845 re·

197 882 353 955 giam
371 875 633 934 familiam
648 872 907 952 generosa
921 875 1160 952 conjuge
1175 912 1192 938 ‚
1223 894 1358 932 mox
1392 877 1575 932 liberis
1589 887 1827 951 augeret.
1889 875 2013 929 Nec
2030 885 2186 925 mora
2203 889 2224 935 ς

200 957 380 1013 exerit
394 951 599 1031 capute
614 952 830 1012 latebris
844 991 861 1017 ‚
890 967 1287 1030 acceptamque
1316 953 1387 1012 ab
1422 954 1657 1011 Etruscis
1678 953 1953 1029 Reginam
1970 948 2233 1005 thalamo·

202 1034 523 1112 Protagonis
540 1031 683 1090 locat
694 1072 709 1097 ,
727 1032 914 1107 primo
928 1047 1087 1107 partu
1101 1032 1464 1089 Clodovaeum
1480 1033 1672 1089 Galliis
1684 1030 1950 1088 daturam.
1994 1029 2116 1084 Hoc
2132 1063 2148 1089 2
2162 1026 2233 1082 δι’

107 1151 111 1154 v
201 1112 319 1169 aliis
336 1109 606 1170 beneficiis
621 1111 925 1186 obligatum
939 1126 1176 1185 regnum
1192 1111 1423 1188 reliquit
1437 1137 1455 1180 3
1471 1110 1753 1188 priscaque
1764 1107 2058 1166 solitudine
2070 1103 2231 1182 laetua

192 1191 524 1265 jamdudum
537 1228 556 1254 ,
575 1191 722 1248 cavit
736 1207 803 1246 ne
819 1190 971 1247 novis
982 1190 1114 1246 aulae
1129 1191 1395 1247 incendiis
1409 1191 1808 1266 implicaretur.

283 1270 493 1326 Pronus
520 1283 636 1326 erat
662 1268 729 1327 ad
751 1265 1024 1343 vesperam
1039 1270 1298 1344 proxime
1311 1271 1615 1345 praeteritus
1630 1268 1745 1324 dies
1760 1306 1778 1331 ,
1807 1283 1934 1324 cum
1956 1258 2265 1321 Monason-

192 1349 490 1425 repentino
521 1346 639 1404 som
648 1348 745 1404 nio
776 1349 1018 1405 turbatus
1048 1346 1339 1405 insolitum
1355 1346 1584 1403 excussit
1596 1361 1876 1421 torporem
1892 1380 1911 1402 .
1951 1345 2006 1399 &
2022 1358 2231 1418 magna

197 1443 334 1483 voce
351 1423 644 1503 appellavit
663 1445 757 1482 me
772 1426 833 1482 in
847 1443 1014 1501 opem
1035 1423 1204 1481 suam.
1258 1426 1513 1481 Tandem
1549 1441 1613 1483 ut
1646 1442 1787 1503 aegre
1817 1421 2079 1499 proximo
2106 1437 2235 1495 graf

200 1506 349 1562 mini
367 1503 655 1563 incubuit.
668 1503 869 1561 sudore
886 1520 1055 1559 manu
1071 1500 1304 1567 deterso,
1322 1502 1545 1579 jamdiu
1563 1505 1796 1581 (inquit)
1813 1497 2127 1557 Philesitere
2142 1496 2236 1574 suff

200 1602 331 1640 mus
344 1581 557 1657 experti
576 1620 593 1645 ,
610 1599 751 1657 quos
768 1580 936 1638 foetus
953 1594 1165 1638 mentes
1176 1580 1502 1638 criminibus
1517 1582 1748 1659 gravida:
1763 1582 1824 1637 in
1842 1596 2036 1636 manus
2049 1575 2232 1632 obste-

203 1662 456 1718 tricantis
471 1659 695 1715 invidiae
710 1658 1011 1724 mitterent,
1028 1676 1143 1735 quo
1157 1658 1350 1717 aculeo
1365 1658 1620 1720 foderent
1633 1662 1896 1722 incautos,
1909 1658 2022 1733 qua
2034 1653 2229 1711 fraude

205 1740 264 1795 &
294 1736 501 1794 infidiis
527 1735 991 1795 circumvenirent
1021 1755 1112 1795 eos
1180 1737 1340 1796 uibus
1367 1736 1548 1814 palam
1581 1738 1956 1797 blandiuntur.
2012 1731 2235 1789 Cecidit

203 1814 491 1873 Tolmites
520 1815 639 1891 ejus
667 1814 896 1891 perfidia
925 1834 1093 1894 quem
1107 1815 1159 1871 fi
1199 1818 1218 1874 i
1248 1817 1499 1874 amicum
1526 1815 1777 1875 credebat
1793 1855 1810 1881 ,
1840 1819 1895 1873 δε
1911 1814 2005 1869 vix
2023 1809 2239 1887 placide

204 1892 441 1972 quiescit
468 1895 647 1970 Ajacis
674 1894 871 1952 umbra
902 1895 960 1950 in
981 1893 1090 1952 hoc
1110 1894 1355 1954 coneum
1473 1896 1530 1952 ni
1549 1911 1728 1953 motu.
1798 1889 2240 1949 Defiderabimut

194 1970 495 2048 aliquando
527 1973 703 2047 etiam*
730 1970 761 2031 a
795 1971 1034 2050 peffimis
1049 2010 1066 2034 ‚
1105 1972 1200 2031 ubi
1223 1973 1403 2032 Parcae
1442 1991 1514 2031 uo
1529 1975 1646 2031 iCtu
1664 1971 2052 2049 imperaverint
2068 1966 2243 2023 moris'

201 2049 306 2109 lbo
324 2052 470 2107 inter
481 2049 598 2108 haec
613 2049 836 2109 obviam
858 2052 1026 2109 morti
1042 2049 1375 2127 pei-vertenti
1392 2051 1648 2109 ordinem
1683 2064 1888 2109 naturae
1906 2087 1924 2113 ‚
1961 2050 2017 2104 δε
2047 2044 2243 2100 mino-

201 2147 325 2184 rem
343 2126 570 2185 fratrem
590 2129 771 2204 major
782 2130 940 2186 annis
958 2127 1162 2206 scquar.
1206 2133 1280 2186 At
1292 2131 1408 2204 post
1455 2148 1576 2187 uam
1592 2132 1717 2206 Jovi
1735 2126 2087 2187 liberatori&
2104 2122 2245 2178 Pro-

201 2205 426 2284 serpinae
443 2204 706 2272 libavere,
722 2205 1271 2273 suade0‚'Philefitere
1287 2244 1304 2271 ,
1336 2226 1406 2264 ne
1443 2226 1570 2283 pem
1584 2223 1738 2265 tuam
1761 2202 2115 2281 desperationi
2130 2200 2241 2257 do-

205 2305 317 2342 nes.
350 2286 588 2343 Venient
604 2304 854 2345 verarum
874 2287 1077 2344 virium
1099 2288 1225 2350 viri,-
1244 2287 1301 2342 in
1320 2284 1692 2343 defenfionem
1710 2299 1884 2347 tuam,
1902 2280 2060 2341 &illa
2075 2278 2243 2337 turba

202 2364 463 2421 Veritatis
486 2363 672 2421 assecla
699 2378 754 2423 te
780 2383 914 2422 cum
948 2364 1231 2422 Pinotidio
1261 2366 1318 2420 in
1338 2364 1571 2421 tutelam
1591 2362 1738 2422 suam
1755 2363 2001 2437 accipiet.
2044 2358 2142 2416 llla
2154 2356 2236 2414 sa-

132 2467 146 2475 ·
203 2444 430 2519 pientiae
455 2443 740 2518 praeceptis
773 2444 989 2501 animos
1012 2458 1135 2501 tuos
1150 2455 1487 2517 componet,
1525 2442 1617 2499 illa
1630 2442 1996 2518 blandiloquo
2011 2438 2255 2499 monitu.

210 2519 424 2577 severos
443 2536 625 2577 mores
646 2520 926 2597 mitigabit
941 2558 958 2583 ,
990 2526 1047 2580 &
1077 2523 1269 2579 innato
1289 2520 1635 2597 jampridem
1669 2522 1731 2577 in
1760 2520 1890 2576 vitia
1913 2517 2087 2573 odioa
2102 2530 2251 2581 conas

214 2600 444 2657 scientia
461 2613 558 2656 tua
574 2596 891 2656 indefessam
907 2597 1233 2672 probitatem
1251 2597 1619 2676 extorquebit.
1638 2598 1827 2674 Incipe
1842 2598 2026 2671 itaque
2039 2611 2247 2652 eorum-

218 2676 511 2751 providere
525 2677 789 2751 receptui,
803 2695 946 2753 quos
958 2691 1308 2752 praeceptores
1323 2676 1609 2735 habiturus
1623 2695 1681 2735 es
1696 2717 1711 2742 ,
1727 2680 1781 2733 &
1798 2675 1825 2732 ὲ
1842 2674 2255 2750 proximorum.-

219 2752 645 2811 hortulanorum
665 2753 981 2811 liberalitate
997 2772 1179 2830 quaere
1192 2757 1512 2813 convivium
1532 2751 2021 2834 peregrinantibus.

303 2834 434 2889 Haec
451 2830 651 2889 ultima
664 2832 729 2889 ad
745 2849 839 2888 me
857 2830 1168 2890 Monasonis
1184 2834 1345 2892 verba
1358 2832 1510 2891 fuere
1523 2870 1539 2892 ‚
1571 2853 1750 2912 neque
1764 2851 1869 2910 ego
1886 2830 2083 2887 dubito
2099 2830 2253 2907 quii}

215 2909 429 2988 lingula
441 2912 697 2968 eveniant
710 2946 729 2971 ,
758 2927 890 2967 cnm
910 2908 942 2969 ὲ
958 2911 1238 2987 praesentia
1255 2913 1422 2969 vestra
1437 2914 1495 2969 in
1512 2928 1723 2987 partem
1736 2916 1850 2987 jam
1874 2910 2131 2966 Veritatis
2149 2912 2239 2966 in-

211 2990 452 3068 quiram.
494 2989 963 3066 Omittiteitaque
979 3008 1262 3065 pavorem3
1276 2996 1332 3050 &
1347 2990 1459 3048 fine
1473 2990 1679 3048 funeris
1691 2990 1936 3064 sumptu,
1954 2987 2063 3044 fine
2075 3006 2241 3062 pom-

208 3089 280 3147 pa
294 3104 313 3129 ³
345 3081 574 3126 mortuo
593 3065 881 3126 subvenite
898 3107 915 3133 ,
955 3086 1189 3127 vacuum
1208 3071 1400 3127 animo
1413 3088 1610 3146 corpus
1625 3069 1878 3138 tralatitia
1898 3067 2253 3123 humanitate

210 3147 558 3205 tumulaturi.
603 3146 901 3205 Praevisum
918 3148 1135 3205 exitum
1157 3146 1376 3206 fortiter
1386 3148 1609 3205 tolerate
1623 3187 1641 3212 ,
1672 3145 2114 3209 neconstantiam
2134 3143 2240 3199 de-

91 3288 108 3299 !
211 3224 393 3281 functi
427 3225 776 3300 impatientia
791 3228 955 3283 vestra
972 3225 1272 3297 maculetis.
1327 3224 1651 3302 Relinquite
1679 3220 1912 3303 praeficis
1943 3239 2245 3289 commen·

212 3302 438 3359 datitios
454 3303 614 3360 fletus
629 3343 645 3367 ,
675 3321 804 3360 cum
837 3302 1012 3362 sciatis
1040 3320 1234 3362 verum
1266 3304 1518 3362 dolorem
1540 3303 1799 3378 lacrymis
1817 3299 2055 3356 indicere
2071 3319 2138 3356 ne
2155 3316 2243 3355 ca-

213 3381 356 3437 dant
369 3417 386 3439 ,
415 3383 472 3437 ὃ(
499 3382 674 3457 egesta
705 3380 1053 3439 muliebriter
1065 3380 1290 3459 suspiria
1304 3381 1587 3439 detrahere
1601 3382 1669 3438 de
1681 3376 2067 3458 generosissimi
2086 3377 2253 3433 ducis—

207 3456 487 3517 laudibus.
536 3460 754 3515 Vocant
767 3458 833 3516 ad
849 3457 902 3515 se
918 3461 1012 3516 Dii
1027 3479 1169 3537 quos
1184 3475 1375 3520 amant
1389 3501 1405 3525 ,
1442 3459 1875 3534 subtrahuntque
1888 3474 1977 3513 eos
1993 3455 2242 3513 homini·

210 3537 318 3593 bus
333 3575 349 3600 ,
386 3550 448 3593 ut
478 3537 535 3592 δι
551 3554 754 3592 nomen
770 3554 964 3593 eorum
984 3535 1050 3593 a'b
1063 3537 1347 3596 oblivione
1365 3538 1650 3595 vindicent
1663 3574 1679 3597 .
1695 3541 1750 3595 δε
1764 3536 2088 3611 permittant
2102 3553 2191 3591 eos
2208 3535 2252 3600 a,

206 3614 364 3750 {celo
377 3615 594 3670 securos
608 3614 883 3690 inquirere
898 3615 958 3672 in
976 3614 1156 3674 laudes
1173 3622 1227 3678 &
1243 3616 1517 3694 praeconia
1546 3614 1665 3681 sua,
1695 3620 1750 3675 ὃ(
1783 3616 2105 3690 patientiam
2140 3632 2247 3689 no<

261 3711 398 3749 ram.
1996 3734 2007 3744 .

296 3769 479 3847 Igitur:
490 3769 912 3849 composuimus
932 3770 1150 3829 tumulo
1168 3770 1489 3832 Monasonis
1501 3789 1718 3849 corpus,
1733 3774 1787 3831 &
1803 3769 2090 3847 lapidibus,
2107 3789 2257 3847 quos

213 3846 357 3906 solos
387 3849 625 3908 crudelis
659 3849 885 3908 fortuna
912 3846 1167 3929 fugitivis
1196 3850 1493 3929 reliquerat
1506 3889 1523 3911 ,
1565 3851 1889 3932 aggeffimus
1909 3844 2252 3925 'sepulcrum-

1339 3929 1436 4006 Pr
1479 3946 1529 4006 a
2131 3925 2263 4001 1⁴11*
