2738 4475
841 238 1547 310 Pansv.
2063 232 2213 332 607

212 375 369 439 quam
387 355 405 372 ⁸
485 352 625 416 avia.
637 366 731 413 aut
748 353 1076 431 ignorantia.
1097 356 1229 412 Non
1246 354 1440 412 cess‘avi
1453 367 1643 411 tamen
1659 351 2053 410 immerentem
2068 373 2222 414 amo-

221 459 275 497 re
291 437 415 495 timu
455 438 510 494 δι
540 451 774 491 munere
802 430 1056 508 prosequi
1075 470 1091 496 ,
1123 434 1293 508 pretia
1322 432 1620 510 voluptatis
1647 442 1887 487 externae
1902 454 1920 498 3
1953 449 2075 509 quae
2102 452 2226 493 raro

220 514 600 574 Eleutherianis
620 510 718 570 nifi
737 528 831 586 per
849 508 1196 568 insolentiam
1214 515 1267 570 &
1286 513 1503 568 crimen
1517 509 1706 584 placet.
1754 510 1835 564 Ut
1851 527 1984 566 vero
2001 529 2094 567 me
2109 514 2226 569 Ge-

216 595 432 673 phyrius
448 589 618 668 pallio
633 590 894 648 coccineo
909 588 1166 653 donavit,
1205 589 1622 664 Flaminemque
1638 585 1775 645 fecit
1791 586 2008 645 Dialem
2030 609 2044 645 ε
2072 606 2229 665 quae-

217 671 521 732 stuofiffirna
577 686 766 746 uaeque
779 664 1152 728 sacerdotiain
1170 666 1455 725 Philoceni
1472 665 1648 724 sinum
1662 664 1905 744 congesti
1920 704 1937 730 ‚
1978 683 2228 743 quorum

212 744 470 810 reditibus
484 749 543 804 in
569 747 717 805 olens
730 747 877 804 inter
895 744 1193 802 nobiliores
1208 747 1368 837 regni
1385 747 1446 802 in
1460 744 1613 804 laude
1627 746 1682 804 &-
1696 743 1876 822 gloria
1894 744 2032 803 vivit
2047 769 2065 813 ς
2092 764 2232 805 cum

213 828 347 906 apud
360 846 452 885 eos
469 825 675 884 divitiae
688 827 831 882 inter
845 825 1151 901 potentiam
1172 829 1230 884 ὅ(
1246 838 1478 882 virtutes
1493 836 1871 882 numerentur.
1911 823 2138 884 Deridet
2151 839 2233 884 ta·

215 926 341 967 men
352 906 603 963 alumnus
617 902 814 963 infelix
831 901 1214 961 liberalitatem
1234 920 1415 961 meam
1434 941 1452 968 ,
1467 899 1913 979 praescriptosque
1929 902 2231 964 ambitioni

218 985 317 1044 suae
333 983 463 1041 fines
478 981 847 1060 superbiffitna
860 982 1172 1041 temeritate
1186 980 1520 1040 coutemnit.
1566 978 1819 1058 Petitque
1852 979 1992 1039 hanc
2022 999 2236 1059 purpu-

219 1081 329 1122 ram
351 1063 491 1139 (quae
502 1061 568 1120 de
588 1065 811 1139 Regum
829 1061 1076 1137 imperiis
1092 1057 1374 1136 disceptat)
1389 1061 1448 1117 in
1463 1059 1779 1128 ammonem
1795 1062 1850 1117 &
1867 1058 2231 1120 licitationem

219 1140 494 1200 substerni:
538 1143 617 1198 Ut
646 1138 756 1198 hoc
791 1139 998 1197 ultimo
1028 1136 1303 1198 beneficio
1320 1137 1591 1217 saginatus
1609 1155 1818 1195 nomen
1832 1156 2024 1198 meum
2043 1138 2232 1199 tradu-

214 1234 301 1279 cat
313 1219 375 1278 ad
391 1218 682 1277 infamiam
702 1258 721 1284 ‚
750 1221 807 1277 δε
832 1216 1243 1276 celeberrimam
1260 1217 1645 1275 aussoritatem
1662 1235 1758 1293 per
1769 1216 2086 1296 confragosa
2097 1237 2231 1298 pau-

214 1299 426 1376 pertatis
438 1296 736 1374 praecipitia
750 1297 816 1354 ad
832 1296 1154 1373 exemplum
1171 1295 1483 1353 innocentis
1503 1294 1790 1371 Hippolyti
1806 1309 2021 1356 taceret.

290 1379 344 1434 N
350 1376 472 1434 ullae
500 1376 669 1434 nubes
693 1374 1131 1452 exasperaverant
1160 1372 1508 1449 splendorem
1536 1371 1770 1448 speculi,
1815 1377 2133 1436 &constane
2149 1377 2236 1435 lo·

215 1456 427 1533 quentis
459 1457 653 1533 imago
681 1452 957 1530 quidquid
971 1449 1277 1529 postremus
1292 1450 1510 1509 dixerat
1524 1450 1928 1513 demonstrabat
1943 1453 1974 1513 a
1989 1458 2251 1514 Ver-itate·
2351 1475 2363 1486 ·

211 1532 578 1609 comprobari.
655 1530 758 1587 Sed
781 1530 898 1604 jam
926 1531 1203 1605 juraverat
1236 1528 1566 1588 Philocenus
1595 1530 1654 1587 in
1683 1529 2045 1591 benefaRoris
2070 1534 2231 1591 obse-

216 1614 414 1688 quium
433 1649 451 1675 ,
482 1608 793 1698 fidemque:
827 1606 1210 1674 exhortatione
1225 1625 1347 1667 mea
1359 1607 1621 1667 addufims
1630 1610 1695 1667 ad
1714 1611 1959 1689 aliquam
1975 1611 2054 1668 rei
2071 1611 2239 1670 fami-
2329 1653 2337 1662 ·

214 1687 357 1747 liaris
380 1705 570 1746 curam
587 1726 605 1751 ‚
628 1698 896 1743 vitaturus
911 1687 1167 1764 deinceps
1179 1686 1341 1763 prodi
1383 1687 1581 1745 alitatis
1592 1686 1862 1766 scopulos,
1875 1689 1940 1749 ad
1956 1690 2239 1769 quoaplu-

219 1785 303 1826 rec
306 1768 533 1843 juvenes
547 1765 868 1840 impingunt
879 1782 1050 1841 quam
1067 1765 1325 1824 cadavero
1344 1785 1365 1822 1
1382 1764 1603 1823 senesin
1619 1768 1917 1827 avaritiam.

294 1847 447 1902 Tum
480 1842 612 1901 'vero
633 1845 812 1900 movit
827 1843 1131 1902 obstantem
1148 1843 1368 1902 turbam
1387 1844 1579 1904 validis
1591 1845 1828 1921 pulsibus
1845 1847 1943 1904 Aci
1987 1847 2143 1917 nius3
2175 1851 2236 1908 δι

213 1941 410 2000 corpus
442 1923 589 1979 inter
616 1919 984 1999 frequentiam
1019 1923 1364 1981 audientium
1396 1923 1732 1998 impeditum
1766 1924 1918 1983 velut
1999 1924 2239 1985 vinculis

205 2000 533 2080 expediens,
558 2000 849 2058 celerrimo
881 1998 1039 2059 cursu
1070 2000 1175 2059 sese
1189 2000 1383 2060 intulit
1399 2000 1847 2079 inosspeluncae,
1874 2002 2240 2079 proculdubio

208 2080 391 2158 praeda
407 2076 741 2155 insequentis
756 2077 954 2137 militis
973 2080 1263 2137 horrendae
1276 2081 1633 2157 proceritatis,
1648 2085 1703 2140 et
1716 2083 1816 2160 qui
1835 2083 2139 2161 pannucius
2152 2092 2242 2140 to-

211 2171 301 2215 tus
331 2156 469 2216 nihil
505 2159 681 2234 magis
709 2157 1025 2216 ostendebat
1051 2173 1250 2235 praeter
1262 2156 1757 2220 offaextuberantia
1768 2179 1941 2239 quam
1957 2160 2232 2237 gladium.

206 2256 380 2315 quem
397 2234 637 2295 obdueta
652 2236 717 2295 ad
733 2235 1118 2296 crudelitatem
1135 2235 1321 2295 fronte
1334 2235 1636 2296 intentabat
1649 2240 1707 2296 in
1724 2239 1945 2317 Acignii
1959 2240 2115 2301 latus.
2134 2237 2236 2299 nisi

207 2317 438 2373 rusticus
466 2334 622 2393 aeque
648 2316 837 2373 laceris
867 2315 1102 2374 vestibus
1117 2315 1429 2393 percussum
1448 2315 1589 2374 fuste
1602 2315 1849 2375 militem
1864 2318 1932 2375 ad
1945 2319 2113 2377 aliam
2131 2337 2236 2396 pu-

208 2413 382 2473 gnam
399 2393 688 2451 revocasset
704 2415 719 2451 ε
756 2395 852 2469 qui
875 2412 1078 2453 novam
1096 2394 1305 2452 caedem
1322 2394 1610 2453 videbatur
1625 2393 1867 2454 fuCkurus
1880 2434 1898 2457 ‚
1927 2398 2030 2455 nifi
2056 2398 2235 2455 astan-

206 2485 291 2530 tes
305 2470 652 2550 respexissent
666 2471 730 2529 ad
745 2491 933 2547 pacem
948 2512 965 2538 ,
988 2478 1046 2534 ὃς
1061 2473 1301 2548 impetus
1316 2471 1656 2537 furiosorum
1769 2474 2026 2533 roffiss‘ent
2041 2495 2057 2529 ι
2099 2477 2240 2533 Non

207 2552 371 2610 aliter
389 2550 506 2608 aeria
519 2548 678 2607 sonus
693 2551 946 2608 incitatos
959 2552 1282 2610 venantium
1302 2551 1546 2609 clamore
1554 2568 1713 2609 canes
1774 2550 1963 2609 morsu
1994 2551 2123 2609 ferae
2148 2570 2238 2608 ro-

204 2629 420 2688 ducena
433 2667 451 2693 ,
479 2626 663 2685 szvire
692 2647 784 2686 eos
799 2629 941 2687 ultra
955 2628 1212 2689 latratum
1231 2649 1348 2689 non
1364 2630 1515 2688 finit.
1558 2628 1717 2687 Prior
1731 2630 2063 2706 temperavit
2078 2628 2146 2687 ab
2162 2630 2242 2691 ira

204 2709 448 2765 rusticus
463 2705 1341 2771 ,Bccandidafamelabraadhanc
1355 2706 1640 2785 querelam
1653 2706 1900 2766 deduxit.
2212 2762 2217 2769 ,

235 2834 238 2835 ⁷
300 2786 382 2843 Ut
412 2786 471 2842 in
502 2801 730 2860 corpore
758 2784 1064 2844 invalidum
1100 2789 1426 2846 membrum
1443 2787 1723 2845 continuis
1739 2786 1979 2845 fluxibus
1992 2784 2246 2847 debilita-

211 2873 311 2922 tur
326 2903 344 2928 ‚
375 2866 432 2922 &
457 2865 517 2922 in
532 2862 782 2921 lacunam
802 2865 992 2922 omnia
1010 2880 1374 2944 purgamenta
1386 2865 1646 2940 pestiferae
1660 2865 1861 2924 domus
1875 2867 2208 2946 ingeruntur
2223 2889 2242 2925 ·.

206 2945 287 3004 fic
315 2962 417 3000 nox
445 2941 597 3021 quafi
624 2941 851 3000 sentinae
883 2949 940 3003 δι
961 2944 1162 3003 debilia
1176 2948 1330 3025 regni
1348 2944 1598 3004 membra
1612 2946 1942 3024 contagione
1957 2949 2013 3004 δι
2029 2946 2244 3005 morbis

199 3022 464 3081 civilibus
476 3022 777 3079 atterimur.
830 3037 1119 3082 mortuum
1140 3042 1291 3083 mare
1306 3063 1325 3086 .
1357 3023 1534 3083 sterile
1547 3023 1673 3087 fibi,
1698 3025 1870 3081 undas
1888 3023 2049 3081 nobis
2063 3024 2245 3082 inuti-

201 3101 287 3160 les
313 3100 723 3163 summittimus
749 3100 939 3159 alienis
970 3101 1231 3169 navibus,
1263 3109 1315 3165 δι
1336 3101 1704 3161 ambitionem
1723 3116 2050 3179 magnatum
2072 3119 2246 3179 auge·-

133 3251 137 3253 Δ
201 3198 338 3237 mus
357 3179 538 3237 nostra
550 3179 724 3237 ruina.
766 3184 927 3240 Vetat
943 3180 1145 3257 hyems
1160 3183 1477 3258 prominere
1492 3179 1866 3238 herbescentes
1879 3176 2110 3257 segetes,
2146 3194 2243 3238 aut

201 3256 421 3314 obterit
435 3276 523 3313 eas
535 3258 747 3334 ingrata
760 3258 932 3334 glacie
951 3282 978 3324 ,·
999 3274 1096 3317 aut
1126 3260 1504 3317 immoderatis
1535 3257 1808 3318 imbribus
1823 3275 2006 3314 annuo
2026 3261 2248 3315 naufra-

200 3336 313 3413 gio
329 3334 552 3410 mergit
591 3336 879 3403 Gemmas,
935 3357 1026 3394 uae
1040 3340 1100 3395 in
1114 3338 1318 3396 vitibus
1337 3338 1581 3414 benigno
1596 3338 1728 3394 flatu
1745 3338 2005 3394 excitavit
2020 3335 2250 3413 Zephy-

199 3434 336 3474 rus..
345 3411 622 3471 nascentes
636 3414 748 3471 urit
766 3357 990 3506 Aquilo,
1009 3416 1091 3474 vel
1108 3415 1317 3474 adultas
1332 3417 1542 3493 grando
1561 3416 1868 3492 prosternit.
1907 3412 2035 3492 Spes
2050 3430 2248 3473 omnes
2268 3482 2277 3492 ,

196 3493 421 3551 nostras
434 3506 527 3549 aut
540 3492 739 3568 rubigo
754 3494 913 3551 vitiat
935 3532 952 3554 ‚
983 3506 1077 3552 aut
1094 3496 1282 3571 Syrius
1296 3493 1577 3552 consumit
1591 3534 1605 3559 ,
1637 3510 1731 3552 aut
1764 3497 1907 3553 venti
1939 3508 2247 3572 proterunt.

199 3587 309 3630 aut
327 3569 446 3628 lues
462 3570 643 3627 tabida
656 3585 922 3649 corrupto
934 3574 1066 3630 coeli
1083 3574 1258 3631 tractu
1271 3590 1477 3632 enecat.
1496 3576 1575 3629 Ut
1593 3575 1651 3631 in
1668 3573 1839 3630 domo
1860 3587 2039 3631 vetere
2054 3593 2148 3630 om
2158 3594 2250 3632 nes

191 3650 421 3724 lapides
435 3648 720 3705 excidium
742 3652 1024 3707 minantur
1040 3690 1057 3715 ,
1093 3655 1148 3709 δε
1163 3653 1419 3709 amnium
1439 3653 1770 3709 cunctorum
1795 3651 1981 3709 cursus
1997 3652 2063 3710 ad
2079 3657 2253 3709 Ocea·

192 3747 350 3787 num
371 3749 389 3780 .·
434 3726 507 3784 fic
538 3745 639 3783 nos
670 3728 977 3786 innumeris
1011 3729 1169 3787 malis
1183 3732 1437 3807 affligunt
1455 3731 1793 3787 mutationes
1804 3744 2123 3807 temporum
2141 3771 2156 3794 ,
2194 3736 2251 3789 δε

191 3806 528 3868 hominum
543 3805 614 3864 ad
631 3805 808 3865 aliena
822 3807 1241 3886 ingluvies-coeli
1263 3809 1484 3885 injuriis
1499 3810 1692 3884 major.
1722 3807 1831 3865 Pro
1841 3811 2076 3867 crimine
2093 3808 2253 3864 omni

2124 3901 2253 3959 pau-
