2738 4475
480 283 640 386 346
993 275 2066 354 Bonnam-sarram!

482 428 680 482 tantae
713 398 1138 500 expeditionis
1175 401 1452 498 pericula
1486 400 1670 471 anxie
1686 423 2020 499 reputans:
2061 425 2211 475 cum
2235 406 2320 480 ad
2348 413 2543 481 narn:

487 532 624 580 ram
641 503 679 575 s
670 528 744 574 ua
765 500 989 601 sponte
1007 502 1418 572 cunctantem
1440 494 1724 570 senectus
1743 500 2253 576 acceffiffet.8ed
2272 506 2424 580 hunc
2441 511 2522 581 in

485 605 739 680 senibus
770 623 1016 673 naevum
1048 594 1236 670 facile
1271 600 1533 672 virtutes
1553 596 1892 680 excusant,
1930 605 2350 705 maximeque
2363 632 2516 679 con.

484 701 752 804 jiciendi
789 695 978 770 futuri
992 693 1339 798 sagacitas,
1373 723 1516 796 quae
1549 698 1616 768 in
1650 699 1775 769 illis
1812 699 2044 772 edocta
2082 726 2199 800 per
2219 704 2530 801 praeteriti

487 800 804 899 temporis
823 799 1201 871 memoriam
1222 843 1242 878 ,
1281 823 1415 895 quo
1433 797 1639 869 minus
1657 801 1943 896 corporis
1984 801 2257 874 vinculis
2277 806 2533 905 obliga·

487 924 591 977 tur
610 948 633 983 ,
670 923 754 970 eo
786 898 996 997 purius
1015 897 1231 969 omnia
1270 906 1341 969 δι
1361 896 1531 997 quasi
1550 900 2025 973 communicato
2040 925 2189 973 cum
2206 900 2534 1001 syderibus

493 996 768 1075 consilio
788 993 1173 1097 prospee'tat.

592 1103 785 1186 Quot
822 1095 1076 1169 urbibus
1093 1151 1111 1179 ‚
1149 1112 1434 1196 quotque
1487 1097 1785 1193 Imperiis
1821 1094 1958 1168 haec
1994 1094 2297 1196 sapientia
2335 1098 2535 1175 saluti

491 1195 683 1272 fuerit
699 1247 723 1284 ‚
764 1217 998 1296 quanta
1017 1198 1211 1268 ctiam
1233 1193 1494 1295 privatis
1512 1193 1881 1268 hominibus
1899 1196 2129 1266 utilitas
2149 1243 2173 1278 ,
2204 1199 2318 1296 qui
2335 1198 2400 1271 se
2418 1199 2528 1273 se-

488 1323 645 1372 num
668 1295 946 1367 consiliis
968 1293 1408 1393 permiserunt,
1428 1294 1616 1393 plena
1634 1286 1777 1367 sunt
1793 1293 2112 1367 vetustatis
2122 1320 2521 1373 monumen·

490 1417 558 1469 ta
576 1442 599 1477 ,
627 1402 692 1467 δι
716 1392 1095 1494 quotidiano
1114 1392 1218 1465 usu
1236 1391 1655 1493 unusquisque
1677 1392 2099 1495 perdiscimus.
2157 1395 2240 1464 Et
2255 1392 2520 1471 fortaffc

490 1496 641 1569 hinc
680 1493 926 1566 senibus
963 1495 1074 1565 illa
1108 1494 1339 1594 ingens
1376 1501 1443 1566 δι
1481 1497 1856 1594 plerumque
1887 1489 2179 1565 indefessa
2200 1494 2513 1595 loquendi.

487 1595 800 1692 cupiditas
817 1641 840 1677 ‚
862 1592 1035 1692 quasi
1055 1591 1233 1665 datus
1255 1595 1293 1666 ὲ
1307 1596 1557 1667 Natura
1572 1593 1859 1667 stimulus
1881 1642 1904 1677 ,
1921 1618 2004 1665 ne
2022 1593 2119 1665 im
2136 1593 2356 1667 docere
2369 1619 2521 1695 gra-⁴

490 1716 785 1771 vat-entur
801 1694 913 1792 qui
933 1694 1230 1766 omnium
1248 1693 1501 1792 optime
1610 1695 1793 1765 ffeut.

589 1791 719 1864 Sed
758 1794 920 1891 pleri
967 1816 1046 1863 ue
1077 1817 1300 1866 eorum
1337 1818 1471 1863 non
1499 1720 1645 1864 ίξῑοίε
1681 1794 1749 1864 in
1784 1791 1902 1864 hac
1937 1816 2121 1890 parte
2154 1792 2415 1868 modum
2433 1801 2540 1867 te·'

492 1914 650 1968 nent
671 1940 698 1977 ‚
736 1819 1084 1991 utquisque
1121 1888 1187 1966 se
1218 1896 1518 1987 juvenum
1537 1893 1662 1962 illis
1683 1893 2103 1986 applicuerit,
2146 1918 2262 1992 per
2290 1892 2540 1967 suorum

491 2018 805 2065 annorum
844 2016 1182 2091 rerumque
1217 1992 1538 2092 gestarum
1553 1988 1772 2059 seriem
1791 1989 2046 2058 infinita
2067 1994 2368 2066 oratione
2385 2009 2540 2066 eun-

495 2113 597 2164 tes
621 2120 645 2178 ;
686 2115 757 2161 ac
794 2089 968 2190 quod
990 2089 1488 2163 molestiffimum
1511 2106 1692 2183 putes
1713 2109 1840 2167 ,ne
1860 2101 1985 2155 una
2002 2087 2270 2185 quidem
2291 2099 2362 2164 &
2382 2091 2547 2164 tim·

496 2191 654 2290 plici
676 2190 1015 2264 vexatione
1036 2188 1322 2262 contenti
1340 2244 1364 2272 ,
1383 2181 1876 2285 quotiescunque
1895 2185 1962 2254 in
1980 2184 2259 2257 eundem
2282 2190 2551 2264 incide-

494 2290 629 2362 rint
646 2288 844 2362 rursus
863 2348 886 2377 ,
924 2290 1057 2391 pari
1073 2284 1345 2359 sermoni
1364 2307 1466 2355 aut
1483 2284 1810 2354 invenient
1828 2280 2103 2364 causam,
2136 2306 2241 2355 aut
2258 2281 2540 2362 facient.

494 2391 716 2467 Etiam
752 2416 886 2490 quo
920 2386 1259 2490 patientior
1294 2406 1398 2455 aut
1417 2378 1829 2454 verecundior
1851 2381 1976 2453 erit
1997 2431 2027 2466 ,
2058 2407 2249 2482 quem
2269 2384 2349 2456 ad
2366 2388 2541 2460 iilud

497 2488 797 2564 audiendi
842 2486 1224 2590 supplicium
1270 2482 1589 2585 rapuerint
1605 2523 1632 2562 ,
1682 2479 1811 2553 hoc
1867 2479 2154 2555 miserius
2200 2507 2350 2555 eum
2389 2485 2540 2586 ple-

502 2593 708 2664 fieut.
1889 2589 1895 2597 ’

598 2693 753 2763 Nec
771 2686 972 2761 audiri
984 2706 1237 2758 tantum
1255 2678 1496 2758 amant:
1514 2681 1624 2754 sed
1638 2680 1744 2752 ubi
1763 2679 2201 2766 consuluntur,
2218 2703 2322 2756 aut
2338 2683 2556 2760 etiam

498 2787 731 2888 sponte
765 2808 1038 2859 monent
1057 2832 1080 2868 ,
1116 2784 1230 2858 fibi
1267 2784 1466 2858 fidem
1487 2782 1710 2855 baberi
1730 2824 1756 2857 ,
1786 2786 2219 2884 componique
2236 2784 2544 2856 omnia-in

502 2911 699 2989 quem
723 2887 988 2959 modum
1005 2881 1499 2984 praescripsetint
1521 2929 1546 2964 ,
1585 2881 1779 2953 nimis
1796 2882 2111 2954 interdum
2129 2883 2554 2980 proimperio

379 3001 384 3006 ’
498 2989 729 3063 volunt
748 3013 771 3079 3
797 3007 1153 3086 urgentque
1185 2986 1484 3056 nolentes
1509 3008 1531 3053 ε
1567 2982 1689 3053 rati
1724 2980 1896 3051 abiis
1914 2978 1976 3051 se
1990 3000 2401 3076 contemptos
2466 2983 2541 3054 ui

500 3088 783 3161 abnuunt
799 3076 937 3184 regi
956 3112 975 3158 t
999 3091 1308 3158 Iuvenum
1330 3083 1539 3153 viror-u
1661 3102 1736 3150 ue
1751 3077 2006 3150 consilia
2028 3079 2336 3174 pervicaci
2353 3073 2415 3149 fa
2481 3080 2546 3140 ’-

508 3190 622 3262 dio
654 3198 720 3265 &
747 3187 942 3260 veluti
979 3184 1063 3258 de
1097 3184 1309 3256 altiori
1326 3175 1513 3253 scena
1530 3178 1608 3251 de
1639 3178 1901 3278 piciunt.
1950 3175 2068 3251 Tu
2093 3177 2137 3249 fi
2170 3176 2408 3278 dignus
2438 3201 2550 3269 es,

504 3314 704 3386 quem
738 3283 1079 3387 aliquando
1094 3284 1165 3355 in
1180 3280 1505 3356 sene&ute
1523 3297 1884 3379 peccantem
1903 3277 2198 3370 juventus
2309 3303 2361 3350 ae
2381 3304 2546 3351 ven-

512 3407 652 3456 tura
665 3384 759 3457 est
777 3382 1029 3460 excuset
1046 3430 1067 3466 ,
1086 3385 1220 3477 jam
1234 3381 1540 3458 mulcebis
1561 3377 1802 3461 animos
1817 3376 2088 3448 innoxio
2103 3401 2231 3477 gau
2275 3380 2344 3448 io
2365 3380 2545 3451 exui-

506 3483 751 3563 'tantes,
771 3481 1094 3583 facilisque
1113 3483 1500 3562 dicentibus,
1522 3474 1725 3553 fronte
1741 3471 1970 3555 saltem
1994 3502 2070 3551 ae
2083 3477 2396 3549 luminum
2415 3499 2538 3546 nu-

510 3603 584 3656 tu
605 3638 625 3667 ,
678 3584 981 3687 quicquid
1021 3582 1297 3655 dixerint
1332 3581 1518 3651 laetus
1554 3576 1854 3673 accipies.
1926 3580 2108 3653 Nam
2147 3600 2288 3677 quat
2320 3575 2544 3648 minor

516 3685 869 3761 reverentia
907 3681 1235 3782 provectis
1269 3679 1367 3750 his
1386 3681 1569 3750 annis
1594 3684 1656 3751 δι
1676 3677 1956 3776 patrium
1973 3676 2211 3748 cultum
2230 3673 2527 3748 merenti·-

518 3783 637 3857 bus
657 3782 868 3886 potest
887 3780 1142 3868 haberi,
1161 3798 1437 3882 quamut
1453 3773 1683 3879 saltem
1702 3775 2063 3884 simulemus
2082 3774 2330 3879 probari
2347 3774 2383 3843 a
2403 3793 2538 3944 aa
