2738 4475
220 365 226 370 .
819 299 874 372 P
971 324 1018 371 Λ
1120 323 1176 373 R
1263 326 1305 375 ·s
1430 306 1600 375 111.
2113 293 2265 395 ³303

175 441 186 500 χ
233 411 508 501 adornat,
531 423 601 491 &
620 467 644 504 ‚
668 416 709 489 fi
733 443 880 492 vere
901 418 1307 501 aestimamus.
1332 421 1401 492 in
1422 418 1623 491 solam
1648 415 2070 490 calliditatem
2099 420 2165 485 δι
2187 409 2284 482 fe-

225 513 411 588 licem
445 517 848 617 prudentiam
873 520 1009 604 lust.
1062 518 1260 590 Multi
1280 522 1455 591 enim
1476 518 1992 619 magnitudinem
2020 514 2279 585 illorum

222 611 527 692 invidiosa
562 617 994 718 speculatione
1018 618 1391 690 damnamus
1416 651 1439 711 3
1477 621 1614 690 irati
1636 643 1769 690 non
1790 617 2016 689 iisdem
2042 610 2283 686 artibus

224 714 406 787 nobis
427 745 683 818 quoque
706 742 922 819 patere
944 722 1022 792 ad
1043 721 1317 821 gloriam
1336 721 1477 790 iter.
1523 722 1703 792 Nam
1725 740 1793 789 ut
1811 715 2125 792 austeram
2152 714 2284 784 vir-

230 830 429 887 tutem
471 841 763 918 tanquam
805 822 1051 922 lignum
1088 840 1422 891 textumve
1458 818 1855 919 antiquitatis
1876 814 2187 913 suspicere
2210 815 2280 883 in

227 914 364 984 aliis
384 913 650 991 solemus
672 973 697 1007 ‚
734 921 1225 993 incommodam
1260 940 1474 991 autem
1494 921 1559 990 in
1582 919 1770 990 nobis
1793 913 2048 989 aversari
2068 964 2089 998 ‚
2130 915 2212 987 fic
2237 912 2277 986 ὲ

229 1019 546 1089 contrario
579 1019 831 1093 beatam
866 1016 1276 1119 fertilemque
1295 1017 1614 1090 fortunam
1638 1018 1908 1090 aliorum
1932 1013 2280 1089 liventibus

215 1116 415 1187 oculis
433 1112 923 1223 perstiingimus
943 1170 967 1206 ‚
1003 1145 1193 1220 quam
1234 1122 1274 1193 ὲ
1295 1122 1470 1194 coelo
1487 1114 1633 1215 post
1652 1118 1944 1190 omnium
1973 1115 2277 1187 crimina-

205 1212 458 1288 tionem
499 1223 694 1292 tacita
732 1220 1145 1295 veneratione
1183 1212 1559 1292 mercamur.
1621 1217 1818 1314 Qod
1856 1214 1900 1289 fi
1926 1213 2279 1315 Acigniani

209 1310 690 1413 simplicitatem
710 1347 918 1394 meam
940 1317 1293 1424 agnoscent
1311 1369 1335 1403 ,
1374 1316 1559 1389 facile
1577 1317 1803 1390 residui
1823 1320 2055 1389 amoris
2084 1310 2281 1385 vesti·-

206 1412 313 1510 gia
348 1417 586 1489 amabo
604 1466 625 1497 ‚
666 1445 864 1516 quem
904 1422 1069 1519 apud
1107 1444 1227 1491 nos
1264 1419 1508 1489 utinam
1546 1416 1816 1516 publicis
1856 1414 2119 1489 offensis
2138 1417 2278 1485 ⁴non

201 1516 618 1612 extinguant.
685 1521 755 1590 Si
784 1544 941 1591 vero
976 1544 1097 1616 pro
1117 1521 1378 1589 auCtore
1395 1514 1695 1614 scriptum
1720 1538 2058 1614 premunt,
2103 1513 2147 1586 si
2167 1512 2278 1584 de-

199 1631 369 1680 vota
401 1615 473 1682 in
491 1637 599 1686 me
618 1618 747 1687 tela
770 1612 945 1688 facili
958 1617 1437 1714 Euphormioni
1456 1623 1523 1689 δι
1547 1637 1773 1714 aperto
1792 1615 2150 1686 vulneribus
2173 1612 2280 1682 in-

205 1703 427 1806 figunt
450 1755 474 1790 ,
512 1733 647 1783 non
681 1714 1027 1788 irascentur
1066 1716 1399 1788 liberrimo
1437 1715 1677 1798 dolori,
1699 1714 2027 1812 quiadhuc
2053 1707 2275 1809 priscae

201 1804 690 1884 consuetudinis
727 1820 1056 1890 memoriae
1162 1817 1392 1916 percit.
1446 1817 1675 1887 Nullas
1699 1813 1962 1906 injurias
1987 1810 2278 1909 pervica-

193 1904 344 1977 cior
366 1909 735 2009 indignatio
756 1911 921 1989 solet
939 1919 1061 1988 ulei
1094 1921 1154 1989 ci
1171 1964 1193 1998 ‚
1241 1940 1431 2018 quam
1455 1939 1594 2015 quae
1611 1914 1957 1986 creduntur
1976 1913 2041 1982 in
2064 1906 2282 2010 publi·-

193 2026 349 2082 cum
385 2006 624 2083 emifl'ae
646 2061 671 2098 ,
714 2022 788 2089 ἔτ
821 2014 1316 2117 ingratissimum
1354 2012 1657 2087 beneficii
1691 2037 1899 2113 genus
1917 2012 2007 2085 est
2028 2013 2111 2084 de
2130 2008 2271 2081 uni-

191 2104 389 2178 versis
439 2113 698 2184 mereri:
751 2121 1067 2216 Purgatus
1113 2117 1332 2216 itaque
1367 2116 1526 2186 totis
1564 2111 1942 2213 corporibus
1957 2168 1980 2197 ‚
2021 2120 2088 2187 δι
2129 2130 2265 2181 tam

192 2205 424 2303 grandi
442 2208 741 2286 liberatus
762 2215 1030 2309 judicio,
1059 2215 1137 2289 ad
1160 2216 1496 2317 singulares
1517 2213 1816 2288 homines
1839 2263 1863 2299 ,
1900 2219 1967 2287 &
1993 2209 2261 2315 quidem

192 2306 562 2403 graviffima
596 2315 931 2406 majestate
945 2318 1180 2418 dignos
1200 2316 1556 2391 confidenti
1574 2314 1943 2390 defensione
1964 2316 2257 2398 decurro,

196 2403 427 2501 quibus
459 2412 801 2512 magnifice
819 2443 901 2489 ne
949 2416 1299 2518 ligentibus
1321 2418 1662 2491 maledieia
1685 2464 1710 2500 ,
1742 2440 1951 2584 negue
1973 2414 2137 2486 tristi
2155 2411 2261 2483 su-

196 2509 472 2598 percilio
487 2509 864 2586 industriam
931 2516 1330 2589 amnantibus
1350 2564 1375 2602 ,
1421 2514 1571 2590 risus
1593 2540 1697 2588 aut
1719 2514 1823 2586 sen
1854 2540 1925 2583 us
1944 2534 2128 2583 meos
2149 2529 2258 2581 aut

203 2605 667 2694 poenitentiam
703 2611 1089 2708 approbabo.
1145 2619 1309 2691 Non
1346 2616 1642 2689 excidere
1678 2612 1779 2685 his
1812 2609 2038 2683 seculis
2064 2610 2260 2679 Anti-

205 2701 371 2794 goni
392 2722 581 2801 atque
599 2708 852 2804 Pyrrhi,
883 2713 991 2810 qui
1010 2715 1204 2785 multa
1224 2718 1507 2789 convitia
1526 2714 1878 2815 despiciant
1896 2711 1977 2785 de
1997 2706 2255 2809 fastigio

211 2795 329 2869 suae
355 2793 563 2891 famae,
586 2829 701 2877 nec
723 2812 1002 2882 Antonii
1019 2813 1328 2888 celebrata
1351 2814 1733 2909 jucunditas,
1753 2815 1859 2915 qui
1883 2813 2251 2911 provocatis

208 2897 473 3012 aliorum
495 2902 717 2978 salibus
734 2953 756 2987 ‚
777 2908 845 2979 in
865 2907 928 2982 se
946 2936 1203 3012 quoque
1219 2915 1487 2988 ludibria
1510 2917 1778 2989 invenit.
1831 2915 1957 2989 Sed
1981 2939 2109 2985 non
2136 2939 2250 3010 pa-

200 3015 317 3067 tiar
334 2999 790 3078 conscientiam
814 3035 1023 3084 meam
1039 3012 1120 3086 de
1139 3016 1527 3116 integritatis
1548 3011 1665 3090 suae
1685 3014 1913 3088 fiducia
1936 3014 2249 3111 simplici-

198 3115 295 3167 ter
329 3099 406 3171 ad
442 3102 963 3213 deprecationem
1003 3114 1274 3187 traduci.
1327 3112 1470 3213 Ipsa
1506 3118 1606 3187 lex
1627 3118 1855 3188 citatos
1873 3114 1950 3186 ad
1969 3113 2243 3187 tribunal

197 3221 332 3280 ¹200
347 3219 595 3276 tantum
616 3254 637 3286 ,
682 3205 722 3278 fi
744 3256 766 3292 ‚
802 3236 938 3309 quae
957 3209 1175 3288 feciffe
1194 3237 1535 3316 arguuntur
1552 3217 1843 3316 legitima
1861 3210 2236 3312 quaestione‚

189 3304 594 3396 negaverint,
616 3305 717 3378 sed
742 3318 806 3380 &
831 3308 874 3380 fi
892 3336 966 3384 ea
982 3310 1259 3387 fecerint
1276 3365 1300 3401 ‚
1321 3316 1452 3407 jure
1472 3317 1655 3389 litera
1674 3316 1917 3389 salutari
1937 3314 2241 3398 dimittit;

188 3403 255 3469 δι
279 3405 602 3474 Praetores
624 3412 782 3505 aequi
803 3407 1084 3512 bonique
1104 3416 1340 3506 judicia
1356 3414 1738 3489 abstulerunt
1761 3414 2077 3489 severitati
2097 3440 2242 3487 ver-

183 3493 444 3607 borum.
505 3506 720 3577 Etiam
739 3510 804 3580 in
831 3504 1054 3584 fabulis
1078 3517 1351 3612 populus
1375 3518 1644 3616 agitatur
1660 3565 1686 3599 ‚
1705 3520 1815 3612 qui
1835 3521 2046 3616 primo
2072 3523 2092 3553 ¹
2109 3518 2240 3586 cri-

179 3600 381 3677 minis
403 3604 580 3675 vultu
598 3605 902 3707 deceptus
922 3658 945 3694 ‚
967 3614 1033 3684 in
1059 3617 1414 3687 Cnemone
1434 3614 1841 3714 parricidium
1863 3617 2239 3689 vindicavit.

2040 3717 2237 3790 Adeo

234 3812 260 3849 1
298 3802 519 3852 cni-einh
541 3810 664 3856 aulen
688 3806 884 3875 deceptu
911 3810 960 3856 in
975 3809 1178 3870 Cumae
1233 3811 1526 3880 Timagenem
1543 3809 1864 3861 &Caricleam
1873 3812 1992 3864 circa
2006 3819 2243 3873 medium,

161 3870 445 3935 madian
469 3874 758 3942 aitdicaeaied
796 3882 918 3947 Lege
930 3877 1182 3929 ueuodoxi
1238 3878 1318 3930 ubi
1333 3881 1391 3931 de
1408 3879 1677 3933 caemani·
1692 3877 1878 3931 historia
1892 3879 2003 3935 satis
2020 3883 2244 4017 &sel-,fia
