2738 4475
896 154 955 231 Ρ
1052 181 1108 240 ,Α
1205 179 1259 230 ιι
1359 178 1395 228 s
1514 158 1682 228 111.
2161 185 2321 266 ²99

263 279 379 370 ert,
409 276 812 357 demiffionis
833 279 1020 378 culpa
1036 300 1153 376 per
1167 295 1620 374 contemptum
1638 298 1846 373 opum
1861 272 1954 346 ire
1979 277 2344 385 arduasque

264 383 571 458 virtutes:
609 380 834 482 populi
854 377 1298 452 credulitatem
1321 375 1402 448 ad
1421 376 1645 447 omnia
1661 397 2023 457 tenuerunt,
2038 386 2118 453 ,ει
2141 383 2338 458 fobu.

263 481 492 559 stiores
530 501 785 556 mentes
803 476 1086 556 fastuofis
1105 474 1349 549 viribus
1372 495 1631 547 tentant
1650 520 1673 556 ‚
1707 496 1841 548 tam
1858 471 2081 550 sanssa·
2098 497 2338 578 poten-

270 583 366 655 tia
384 582 465 656 ad
480 583 832 656 humanum
855 579 1198 677 imperium
1216 595 1486 674 repente
1505 574 1810 647 traducta.
1868 579 2021 648 Hos
2042 576 2331 660 infamia

209 761 226 770 ,
279 701 388 755 aut
421 679 722 783 egestatis
760 682 986 752 horror
1003 725 1027 759 ‚
1064 676 1184 748 bos
1203 674 1344 773 spes
1360 676 1490 746 alta
1506 695 1639 745 tam
1659 672 1925 773 superbe
1943 673 2333 761 florentibus
2438 683 2469 700 ”

277 781 781 880 junxit.Quippe
796 780 891 850 illi
911 803 1025 879 per
1040 776 1293 850 virtutis
1315 774 1641 846 arbitrium
1663 773 1778 845 fibi
1799 772 1840 849 ἦ
1858 781 2106 874 populo
2123 783 2331 858 alum..

285 879 508 982 nisque
543 876 943 953 commissum
960 927 983 959 ,
1021 875 1141 977 ipsi
1177 871 1361 948 famae
1381 872 1774 947 interdicunt
1796 922 1820 960 ,
1856 898 1938 946 ne
1960 873 2083 950 suis
2107 883 2342 958 adver..

278 971 455 1054 fariis
490 982 682 1053 liceat
705 978 924 1081 probis
943 999 1048 1049 aut
1068 972 1413 1078 ingeniosis
1434 974 1585 1047 effe.
1648 972 1761 1046 Ad
1776 973 2075 1051 ultimum
2095 981 2334 1059 divinis

274 1086 349 1156 δι
384 1078 681 1154 humanis
723 1077 962 1152 viribus
1007 1072 1152 1150 freti
1169 1123 1197 1162 ‚
1233 1072 1344 1146 has
1362 1071 1771 1146 callidiffime
1788 1074 1856 1149 in
1877 1075 2125 1153 illarum
2142 1084 2337 1159 strin-

273 1202 439 1283 gunt
455 1201 970 1277 contemptores.

384 1285 561 1355 Cum
580 1280 684 1352 his
697 1276 1072 1353 hominibus
1088 1300 1231 1376 quat
1251 1296 1358 1347 me
1377 1269 1821 1351 commiserint
1835 1274 2055 1362 causat,
2073 1281 2339 1380 privatis

275 1379 532 1473 injuriis
570 1378 752 1475 asper
769 1425 793 1460 ,
831 1403 912 1449 an
930 1375 1414 1448 inimicitiarum
1433 1370 1873 1447 claritudinem
1895 1374 2123 1474 sponte
2140 1381 2347 1481 depo-

276 1476 766 1576 scens‚quidam
783 1470 1004 1545 frustra
1023 1470 1747 1571 quaelivemnt.Nullum
1764 1475 2126 1550 acerbitatis
2149 1507 2340 1583 argu-

277 1600 586 1651 mentum
601 1576 673 1644 in
686 1570 787 1642 his
804 1571 1075 1669 scriptis,
1083 1591 1188 1642 aut
1203 1570 1435 1669 iniquae
1456 1565 1797 1670 vestigium
1814 1578 2070 1649 mentis.
2088 1581 2250 1652 Sero
2264 1591 2336 1657 δι
2420 1579 2431 1584 “

284 1675 528 1752 leniter
541 1675 615 1745 in
635 1697 749 1744 eos
766 1694 1045 1769 quaerere
1065 1665 1267 1751 ausus,
1336 1667 1577 1741 uaedam
1595 1694 1743 1742 vera
1761 1693 2097 1774 apertaque
2114 1682 2343 1753 mode.

281 1774 554 1851 stiffima
577 1771 1024 1844 admonitione
1038 1697 1358 1867 descrippn
1377 1768 1520 1855 &,fi
1540 1768 1879 1868 Satyricon
1896 1769 2027 1846 fine
2048 1779 2345 1873 prejudi-

274 1876 393 1948 ἐἰσ
408 1876 637 1973 legent
657 1917 681 1952 ‚
705 1866 965 1943 fortasse
983 1869 1574 1968 prevaricationem
1598 1868 1931 1943 amabunt.
1997 1875 2182 1949 Nam
2196 1882 2350 1978 quid

275 1972 460 2047 triste
479 1972 846 2044 innocentis
865 1967 1083 2068 scripti
1107 1969 1394 2039 hilaritas
1413 1967 1658 2062 objecit
1680 1968 1713 2040 Ρ
1737 1991 1949 2072 parata
1965 1972 2046 2044 ab
2064 1977 2347 2052 inimicis

277 2076 409 2147 tela
425 2098 559 2145 non
578 2070 954 2169 strinxi‚que
975 2067 1320 2170 agnoscere
1336 2067 1657 2151 nolebam,
1669 2074 2036 2171 &graviora
2053 2071 2346 2176 suscepto

252 2203 268 2227 ·-
283 2172 637 2259 siluerant,
678 2178 743 2245 δι
768 2169 1084 2244 ambitum
1103 2191 1331 2241 eorum
1355 2215 1385 2253 ‚
1435 2165 1605 2267 quafi
1627 2169 1706 2241 ad
1724 2194 1946 2246 veram
1980 2180 2343 2273 potentiam

282 2256 556 2347 nesciret
576 2272 979 2350 attolli‚intra
995 2266 1161 2342 solas
1183 2271 1402 2342 literas
1417 2266 1830 2368 persequutus
1846 2268 2001 2345 sum.
2045 2280 2201 2351 Nec
2223 2304 2342 2378 pu-

275 2372 500 2447 tabam
520 2393 716 2442 tantae
733 2367 1063 2442 modestiae
1082 2365 1302 2450 irasci,
1341 2370 1457 2468 qui
1488 2367 1557 2440 id
1590 2366 1790 2442 solum
1822 2370 2181 2469 ⁴proficiunt
2197 2425 2223 2461 ,
2272 2399 2345 2450 ut

271 2471 468 2571 quod
484 2467 598 2540 sub
613 2469 787 2539 inani
800 2465 1064 2541 luseram
1081 2471 1235 2562 joco
1248 2525 1271 2554 ,
1292 2467 1521 2539 altiori
1539 2469 1909 2566 prae‘judicio
1928 2469 2342 2547 confirmem.

395 2575 812 2642 Attentatum
842 2567 914 2638 in
939 2567 1154 2639 literas
1175 2594 1443 2670 regnum
1461 2575 1528 2640 δι
1552 2567 1896 2641 domorum
1916 2589 2225 2644 temerata
2245 2569 2344 2646 se-

281 2684 476 2743 creta
498 2694 516 2738 t
552 2685 694 2739 tum
715 2663 1108 2765 ingeniosam
1126 2667 1607 2760 juventutem'in
1623 2667 1879 2741 illorum
1899 2674 2179 2744 maculas
2192 2699 2343 2747 om-

279 2758 360 2843 οἶ
397 2766 744 2841 venatione
778 2763 1169 2863 compulsam
1190 2813 1214 2847 ‚
1269 2791 1447 2840 extra
1474 2770 1757 2841 convitia
1793 2768 2154 2870 arguebam.
2231 2781 2337 2848 Ac

249 2904 250 2909 ¹
282 2870 535 2941 utinam
571 2861 740 2938 falsis
774 2863 1033 2937 indiciis
1065 2887 1236 2940 tanta
1277 2871 1543 2943 nomina
1576 2866 1928 2943 detulissem
1951 2916 1975 2952 ‚
2029 2899 2169 2969 quae
2208 2875 2340 2966 jam

275 2969 555 3070 vulgaris
572 2966 873 3038 altiorum
891 2967 1207 3040 mentium
1221 2968 1589 3068 indignatio
1607 2968 1961 3054 damnavitx
2011 2974 2182 3064 Qis
2204 2997 2339 3046 noa

276 3070 465 3140 enim
483 3068 772 3144 melioris
790 3067 1037 3166 ingenii
1054 3088 1156 3139 tot
1179 3070 1550 3141 mortalium
1569 3067 1874 3141 insaniam
1892 3068 2056 3138 tristi
2074 3069 2343 3141 acerbo-

117 3194 126 3201 .
271 3191 412 3285 flue
434 3163 819 3282 Peg-sequitur
837 3162 1006 3238 risu?
1028 3190 1134 3239 aut
1154 3169 1295 3267 quis
1319 3191 1546 3266 captos
1569 3169 2076 3266 Acignianorum
2099 3167 2337 3242 artibus

400 3287 546 3339 orat
565 3311 592 3351 ‚
610 3291 716 3364 qui
733 3274 1114 3339 caeteror'um
1131 3267 1396 3368 quidem
1416 3288 1720 3362 tanquam
1742 3265 1999 3336 barbara
2021 3273 2082 3337 δι
2109 3270 2332 3344 incon-

323 3371 417 3441 ita
447 3366 711 3467 ingenia
745 3364 1060 3466 aspernati
1089 3413 1114 3447 ‚
1172 3366 1338 3463 apud
1382 3367 1783 3464 Acignianos
1819 3365 2084 3437 credunt
2119 3369 2332 3442 Μυίας

271 3478 515 3540 omnes
548 3461 722 3538 felici
757 3462 1044 3539 facinore
1080 3491 1265 3565 paene
1297 3466 1367 3537 in
1402 3464 1687 3536 custodia
1704 3463 1975 3536 baberi?
2030 3468 2328 3564 Majestas

272 3572 349 3641 δι
383 3565 748 3640 moderatio
784 3563 1051 3638 incessus
1072 3610 1096 3646 ‚
1134 3572 1202 3638 δι
1225 3563 1539 3636 secretum
1559 3565 1639 3634 ab
1652 3564 1933 3635 externis
1974 3572 2324 3663 penetrale,

259 3686 408 3744 tum
449 3666 854 3771 quorundam
887 3665 1304 3766 ingeniorum
1333 3660 1648 3757 felicitas,
1687 3685 1829 3763 quat
1863 3665 1932 3737 in
1964 3666 2092 3739 illis
2113 3670 2337 3769 vigue-

2156 3785 2331 3850 (unt,
