2738 4475
789 281 892 348 Ῥ
997 300 1045 347 A
1150 295 1205 345 R
1309 277 1548 349 ⁸-V.
2118 294 2257 367 595

217 397 293 459 est
303 397 544 477 corporis
560 395 839 471 impetum
857 434 873 458 ‚
903 397 959 449 ει
990 392 1282 450 admonitu
1300 389 1620 450 Monasonis
1639 387 1890 447 extinfflt
1903 385 2045 463 pene
2068 387 2254 448 favilla

217 483 388 536 acrior
401 477 628 536 revixit.
689 470 864 528 Senfit
895 472 1004 528 hoc
1035 469 1319 528 Monason.
1378 474 1564 545 itaque
1583 467 1770 526 subtili
1793 482 1911 525 arte
1929 467 2247 545 aggreditur

221 556 484 614 Lucillam
504 595 521 619 ,
559 563 912 628 percontatur
927 550 996 607 de
1012 567 1204 606 amore
1217 551 1360 625 regis
1378 587 1395 613 ,
1425 546 1716 623 pollicetur
1731 546 1785 602 se
1800 561 1926 603 utru
1934 562 2105 621 mque
2119 563 2242 602 ma-

213 631 844 707 trimoniojuueturum.
892 628 1090 687 Faciles
1106 625 1233 686 sunt
1244 629 1310 683 ad
1327 625 1705 684 credulitatem
1724 623 2035 700 puellarum
2049 623 2237 680 animi:

213 711 457 770 rescribit
470 710 607 786 regi,
622 711 677 766 δι
691 704 1048 767 Monasonem
1063 721 1227 785 rogat
1240 721 1300 763 ut
1314 703 1594 779 epistolam
1610 702 1763 761 suam
1779 702 1846 759 ad
1865 703 2242 779 Protagonem

211 790 447 867 perferat
463 828 481 856 ,
496 807 617 866 quae
631 786 699 843 de
713 786 919 863 nuptiis
935 785 1282 863 loquebatur.
1321 786 1450 841 Erat
1466 796 1650 840 autem
1666 780 1947 861 ejusmodi
1968 801 1981 835 ε

497 921 1025 1020 Luc1LLA
1080 940 1828 1039 PROTAGONJ
1883 944 1954 1011 s.

217 1098 335 1220 L
346 1105 457 1161 Aus
489 1103 729 1161 minima
759 1103 836 1160 est
862 1101 1124 1180 decepisse
1156 1100 1398 1177 puellam
1418 1120 1432 1156 z
1475 1115 1761 1176 nunquam
1791 1097 2013 1156 fortuna
2027 1108 2121 1153 tua
2135 1110 2232 1154 aut

342 1182 514 1259 gloria
524 1180 724 1239 crescet
736 1181 804 1240 ab
821 1183 1043 1238 Amoris
1059 1181 1331 1238 ludibriis.
1377 1180 1433 1237 Si
1452 1181 1532 1236 vis
1546 1195 1804 1241 uxorem,
1820 1175 1983 1235 habes
2000 1193 2092 1234 me
2105 1174 2236 1232 lon-
2302 1211 2313 1220 ι

206 1277 277 1338 ga
291 1261 392 1318 tibi
405 1259 651 1337 obsequii
665 1258 825 1317 laude
840 1261 1140 1336 cognitam.
1187 1261 1285 1316 Sin
1301 1255 1742 1334 minus,‹fugiam
1759 1275 1863 1336 ego
1879 1254 1910 1313 ὲ
1926 1254 2080 1314 vultu
2098 1266 2198 1324 tuo
2214 1272 2232 1309 ι

205 1336 1130 1493 Ξξῖῑῖἓῖἐῖῗιῖῗῧῗζῖῗὲἐξ
1137 1337 1325 1473 2235?
1339 1351 1398 1474 ἓξ
1412 1335 1723 1472 ῑζῗέῗιὲἓα
1738 1332 1969 1471 351.ae
1953 1352 2061 1470 :5
2062 1347 2237 1469 &¹22¹

206 1510 385 1556 vocas.
402 1495 615 1553 vocabo
630 1507 687 1550 te
700 1496 766 1552 ad
779 1493 1066 1551 tumulum
1081 1511 1294 1549 meum.
1336 1491 1491 1549 Vale.
1586 1500 1592 1506 “

173 1609 177 1613 -
287 1575 585 1649 Postquam
605 1572 743 1648 legit
759 1573 1033 1648 Protagon
1050 1569 1416 1628 ambitionem
1434 1570 1676 1628 mulieris
1694 1607 1711 1631 ,
1728 1570 1878 1628 haefit
1894 1566 2238 1647 aliquandiu.

203 1652 350 1708 Mox
366 1648 661 1707 conversus
681 1649 749 1706 ad
764 1647 1126 1707 Monasonem
1146 1673 1163 1716 3
1195 1647 1384 1707 Abeat.
1403 1650 1608 1726 inquit,
1622 1648 1854 1708 insolens
1870 1649 2075 1707 mulier
2090 1666 2108 1708 3
2134 1663 2236 1702 ru-

201 1740 372 1805 ptum
387 1729 466 1785 est
480 1724 772 1785 vinculum
792 1726 944 1804 qnod
962 1745 1054 1784 me
1069 1726 1151 1783 illi
1165 1725 1374 1804 ligabat
1388 1749 1407 1810 Ξ
1445 1731 1502 1787 δε
1521 1766 1537 1791 ,
1555 1730 1824 1805 quoniam
1839 1727 2001 1786 dulce
2015 1741 2234 1784 numen

199 1823 401 1864 meum
418 1804 674 1864 sustinere
687 1823 802 1863 non
816 1807 1003 1882 potuit
1016 1846 1034 1871 ‚
1059 1803 1226 1863 discat
1239 1803 1482 1881 perferre
1495 1808 1851 1880 contrarium.

283 1885 449 1941 Tunc
467 1881 738 1942 Monason
754 1883 971 1941 coelibis
986 1886 1109 1942 vitae
1123 1884 1483 1942 incommoda
1496 1887 1837 1963 argumentis
1851 1882 2102 1963 pluribus
2116 1879 2237 1956 regi

193 1961 630 2020 demonstravit:
677 1980 746 2019 eo
776 1961 939 2020 illum
968 1963 1110 2020 inter
1127 1961 1522 2026 hominesloco
1536 1963 1669 2025 effe,
1700 1980 1764 2023 ut
1777 1962 2053 2041 quidquid
2069 1959 2240 2017 fuerit

192 2040 420 2098 neturus
448 2039 688 2117 singulos
701 2053 908 2119 tangat.
969 2039 1313 2118 Seligendam
1333 2041 1561 2117 quidem
1580 2060 1812 2100 uxorem
1832 2060 1956 2119 quae
1969 2037 2237 2117 legitimis

187 2117 545 2195 amplexibus
561 2136 760 2196 vagum
776 2136 1028 2175 amorem
1054 2121 1308 2183 retineat,
1320 2120 1415 2176 det
1430 2119 1630 2178 liberos
1644 2119 1697 2177 se
1710 2125 1766 2179 δι
1780 2123 2021 2196 conjuge
2034 2116 2132 2178 suo
2147 2114 2235 2172 di-

192 2214 352 2275 gnos.
406 2198 560 2257 Inter
591 2196 941 2256 nobilitatem
973 2194 1317 2255 vetustissimi
1347 2198 1505 2275 regni
1534 2197 1715 2275 plures
1731 2197 1990 2256 foeminas
2002 2194 2232 2273 aspirare

190 2277 261 2335 ad
278 2284 510 2334 tantum·
529 2276 953 2334 matrimonium
968 2314 986 2342 ‚
1023 2294 1264 2353 quarum
1297 2277 1557 2333 omnium
1589 2294 1932 2354 quaecunque
1946 2273 2113 2334 semel
2130 2274 2226 2331 de·

194 2355 494 2431 gustaverit
509 2356 807 2431 imperium
822 2393 841 2419 ‚
867 2354 1226 2412 alienaturum
1245 2350 1275 2410 a
1293 2354 1542 2430 principe
1557 2354 1849 2415 insolentia
1865 2355 1958 2414 sua
1973 2353 2224 2413 subdito-

187 2450 322 2489 rum
352 2434 585 2490 animos.
643 2435 951 2509 Nunquam
963 2432 1103 2489 bene
1119 2429 1382 2489 universis
1396 2432 1567 2490 Gallis
1583 2433 2127 2511 imperaturam,quae
2142 2431 2230 2487 in·

105 2580 112 2585 ,
189 2526 279 2571 ter
307 2511 750 2569 mediocritatem
780 2511 1068 2568 Penatium
1096 2511 1192 2568 vix
1225 2508 1436 2567 duabus
1466 2524 1560 2568 aut
1576 2512 1750 2569 tribus
1763 2510 2036 2569 ancillulis
2048 2511 2226 2567 etiam

194 2588 349 2648 male
363 2590 740 2665 imperaverit.
807 2587 1034 2646 Diverso
1052 2587 1267 2645 ambitu
1283 2588 1471 2646 ardere
1485 2590 1666 2666 princi
1709 2609 1764 2646 es
1780 2588 2040 2647 foeminas
2057 2587 2231 2662 virgi-

196 2664 427 2743 nesque.
439 2666 787 2741 pudicitiam,
798 2665 1136 2730 modestiam,
1151 2666 1506 2743 majestatem,
1521 2672 1575 2726 δε
1592 2688 1666 2744 pu
1690 2667 2228 2727 chritudinem,cum

202 2743 473 2802 maximis
499 2744 721 2802 dotibus
751 2743 818 2801 ab
847 2745 1110 2802 omnibus
1133 2746 1364 2821 Europae
1381 2746 1623 2822 partibus
1639 2745 1903 2805 allaturas.
1961 2743 2229 2821 seligeret

200 2821 380 2880 modo
395 2838 569 2899 quam
587 2821 764 2881 vellet:
787 2822 881 2881 has
894 2820 1095 2880 scilicet
1108 2823 1264 2900 regni
1281 2822 1506 2885 fortuna
1520 2825 1730 2903 dignas,
1747 2845 1869 2904 quae
1884 2838 2080 2902 prpter
2092 2841 2229 2900 pro-

200 2899 361 2959 batos
374 2919 559 2960 mores
572 2901 642 2959 ab
657 2900 784 2980 ipfia
795 2903 954 2959 cunis
968 2901 1208 2959 didicere
1217 2903 1352 2979 quid
1367 2903 1498 2962 ess‘et
1512 2905 1829 2981 imperium.
1862 2900 2231 2962 obliviscere·

195 2994 292 3039 tur
308 2980 538 3039 interim
563 2980 836 3039 Lucillam
849 2978 1001 3039 suam
1019 3019 1037 3046 ‚
1069 2983 1125 3040 &
1138 2994 1354 3038 caeteras
1368 2981 1575 3041 formas
1591 3023 1607 3048 ,
1637 3000 1872 3060 quarum
1889 2998 2118 3057 corpora
2130 2982 2229 3040 lex

192 3058 278 3118 illi
295 3061 489 3118 eadem
507 3059 774 3119 subdebat
787 3099 805 3125 ‚
838 3078 964 3139 quae
979 3059 1136 3136 regni
1149 3058 1352 3117 Gallici
1369 3060 1600 3120 habenas
1616 3061 1927 3119 tradiderat.

278 3140 381 3195 His
411 3140 643 3199 monitis
672 3139 738 3197 ad
772 3157 941 3197 novas
956 3156 1109 3196 curas
1124 3139 1436 3215 accingitur
1454 3132 1730 3218 P'rotagon
1747 3175 1764 3202 ‚
1793 3133 2226 3215 dedignatusque

193 3214 493 3274 rescribere
510 3217 737 3276 Lucilla:
750 3258 768 3283 ‚
802 3214 858 3275 se
887 3218 904 3274 i
948 3216 1071 3275 sum
1102 3215 1341 3275 consulit
1354 3236 1525 3294 quam
1542 3219 1607 3276 ab
1622 3217 1820 3276 exteris
1832 3215 2013 3293 regnis
2029 3216 2086 3272 in
2104 3234 2229 3294 par·

195 3305 323 3349 tem
350 3297 506 3370 regni
537 3301 595 3356 Sc
624 3314 882 3354 curarum
931 3313 1126 3354 uarum
1162 3295 1471 3353 deduceret.
1531 3298 1655 3374 jam
1678 3294 1888 3353 Lucilla
1906 3295 2225 3370 Protagonis

189 3373 464 3430 animum
494 3372 525 3430 a
552 3371 604 3430 se
629 3373 925 3432 alienatum
958 3372 1188 3431 stnserat
1204 3410 1222 3437 2
1250 3370 1550 3452 fraudeque
1580 3373 1893 3433 Monasonis
1920 3386 2224 3445 comperta,

189 3450 346 3509 iram
377 3448 530 3507 suam
561 3450 874 3510 consulebat
884 3469 994 3528 qua
1006 3453 1218 3510 ratione
1234 3450 1876 3530 ulciscereturinjuriam.
1936 3450 2226 3509 Defideriis

185 3528 402 3587 nostris
419 3566 436 3591 ,
451 3540 796 3607 quaecunque
815 3528 906 3587 illa
917 3529 1042 3595 (int,
1058 3531 1248 3608 praesto
1261 3528 1388 3588 sunt
1404 3531 1576 3590 studia
1589 3535 1644 3590 ὅ(
1665 3530 1920 3590 ministri,
1937 3529 2226 3588 sceleribus

180 3606 379 3666 aliena
392 3606 619 3683 ingenia
632 3609 1148 3667 accommodantur:
1191 3609 1464 3666 nimirum
1494 3624 1642 3669 certa
1669 3611 1793 3669 sunt
1812 3624 1935 3669 tum
1951 3604 2229 3674 veneficis.

177 3702 323 3745 tum
343 3684 748 3760 percuss‘oribus
761 3688 987 3761 praemia
1002 3713 1019 3756 3
1053 3685 1163 3745 sola
1180 3687 1352 3745 virtus
1364 3687 1474 3745 fine
1487 3690 1665 3766 pretio
1678 3691 1769 3746 est.

275 3765 407 3821 Erat
421 3764 651 3841 qnidam
672 3764 1111 3841 Pantomorphus
1127 3762 1420 3824 miscendis
1434 3769 1658 3827 venenis
1672 3803 1690 3826 ‚
1712 3765 1851 3825 falfis
1867 3763 2227 3824 accusstioni·

170 3844 297 3905 bus
322 3843 592 3903 &cendia
604 3880 624 3907 0
649 3844 906 3905 necandis
931 3862 1030 3923 per
1056 3843 1270 3904 ferrum
1296 3843 1626 3906 hominibus
1645 3862 1803 3923 oeque
1821 3843 1982 3903 solers
2001 3868 2013 3903 ι
2057 3842 2225 3912 hujus

1303 3922 1397 3998 Pp
1440 3941 1471 3978 2
1610 3956 1617 3967 .
2067 3931 2236 3994 opem
