2738 4475
922 218 975 288 1³
1084 232 1131 284 Α
1233 231 1294 282 R
1389 235 1426 283 s
1518 209 1680 282 111.
2180 230 2310 306 313

270 336 544 428 omitto,
558 363 645 412 ne
667 333 946 437 suspefia
961 336 1321 409 adulatione
1337 333 1664 409 evilescat.
1699 337 1933 434 Longa
1952 330 2316 433 posteritas,

273 471 417 545 quae
438 465 588 514 vete
604 442 687 511 de
711 438 1029 538 praeterita
1047 439 1280 508 virtute
1297 434 1609 515 censebit,
1630 431 1773 504 satis
1792 453 2046 508 tantum
2069 459 2326 508 memo-

277 549 440 617 riam
460 539 646 613 suain
664 536 875 610 nostra
890 561 1182 635 tempora
1200 534 1442 607 invidia
1462 533 1961 606 commendabit.
1987 537 2326 610 Caeterum

285 668 425 715 non
443 636 632 711 facile
648 638 846 710 videri
865 636 1177 708 debebam
1194 682 1218 716 ‚
1254 632 1517 709 voluisse
1534 654 1682 703 tunc
1704 634 1978 730 primum
1994 630 2059 706 fe
2076 634 2331 708 traden-

289 763 431 813 tem
467 736 784 810 fortunam
813 738 1099 837 jugulare
1115 782 1139 816 ‚
1180 738 1248 805 &
1279 729 1546 832 profana
1581 734 1929 830 petulantia
1943 735 2011 804 in
2031 735 2329 833 quaedam

285 840 614 924 Numina,
637 836 791 911 mibi
806 837 1224 909 inconciliare
1241 857 1469 904 omnes
1494 831 1650 902 deos
1668 876 1693 911 ‚
1734 830 1901 929 quast
1921 877 1942 913 ,
1966 830 2332 906 faventibus

296 937 592 1014 vindiciis
607 984 631 1020 ‚
670 962 809 1038 quae
843 934 1199 1033 hospitibus
1221 951 1393 1003 certe
1410 931 1726 1002 debentur
1741 987 1761 1014 ‚
1782 931 1910 1023 jam
1926 958 2056 1004 non
2076 931 2332 1007 fidelius

292 1061 512 1111 tamen
543 1037 586 1109 ὲ
617 1034 680 1108 se
711 1037 1065 1108 amicorum
1099 1031 1377 1131 imperio
1412 1034 1518 1104 Re
1614 1056 1678 1100 m
1699 1055 1890 1127 quam
1911 1034 2161 1105 nomini
2176 1032 2333 1107 ess'et

281 1135 669 1211 consultum.
707 1135 932 1208 Etiam
950 1138 969 1170 ¹
986 1158 1131 1208 cum
1168 1130 1295 1203 hoc
1318 1127 1521 1200 lustro
1583 1128 1860 1200 orribilis
1880 1134 2178 1205 atrocitas
2203 1137 2339 1206 Di-

217 1307 220 1308 s
279 1263 368 1311 rat
387 1263 509 1309 una
527 1233 668 1307 face
691 1256 873 1333 paene
887 1232 1285 1306 Britanniam
1306 1223 1635 1300 cremasset
1650 1284 1672 1313 ,
1712 1236 1781 1302 δε
1801 1230 2192 1328 proditionis
2211 1259 2334 1305 ne-

277 1333 379 1408 fas
414 1337 523 1409 vix
539 1332 623 1405 de
639 1330 752 1404 suo
771 1334 991 1429 jugulo
1005 1329 1161 1404 effer
1176 1324 1498 1400 excuffum
1517 1374 1540 1412 ,
1576 1328 1657 1399 de
1677 1352 1764 1424 po
1811 1330 1898 1400 uli
1914 1327 2199 1406 solicitus
2221 1355 2335 1405 vo-

280 1461 390 1519 ce,
416 1434 585 1504 nibil
604 1433 772 1528 ptius
790 1432 1018 1514 edixit,
1039 1454 1229 1527 quam
1252 1451 1333 1498 ne
1351 1426 1493 1524 quis
1507 1424 1671 1499 tristi
1687 1425 1752 1499 su
1783 1430 2039 1527 picione
2060 1433 2343 1504 macula-

283 1555 391 1606 ret
411 1537 678 1627 Regum
696 1525 1009 1599 sociorum
1026 1527 1436 1627 dignitatem.
1485 1531 1680 1596 Iocos
1693 1548 1911 1598 tamen
1928 1577 1952 1611 ‚
1991 1552 2101 1602 aut
2121 1532 2346 1631 vulga·

295 1632 394 1704 ria
413 1684 432 1713 ,
472 1638 540 1699 δι
560 1626 757 1699 veluti
778 1650 894 1723 per
911 1647 1117 1702 torum
1138 1625 1444 1723 populum
1461 1620 1671 1696 {affata
1684 1625 1953 1698 ludibria
1972 1676 1995 1710 ,
2032 1631 2345 1704 exorabili
2437 1635 2449 1648 '

299 1727 623 1800 comitate
641 1722 964 1824 agnoscit,
997 1749 1135 1825 quae
1157 1722 1221 1794 se
1238 1722 1575 1821 lepiditate
1590 1724 1943 1797 &nciliant
1961 1783 1983 1813 ,
2026 1735 2092 1801 Bc
2112 1753 2347 1802 nocere

285 1830 430 1924 jam
449 1849 584 1898 non
610 1820 886 1923 potsunt,
922 1848 1174 1896 veneno
1192 1822 1367 1922 quod
1386 1825 1629 1896 testum
1651 1832 1721 1897 &
1739 1827 2064 1900 occultum
2085 1824 2350 1903 faeviffet

283 1930 425 2025 jam
447 1945 754 2019 corrupto
771 1931 842 1997 &
950 1949 982 1993 r
996 1924 1510 2000 nimiumae'rem
1529 1926 1890 2021 expirante.

391 2028 553 2098 Hoc
571 2021 838 2093 arbitrio
878 2043 1250 2095 ortunarum
1265 2043 1553 2093 mearum
1574 2019 1920 2121 potuissent
1939 2021 2194 2098 fortasse
2213 2051 2349 2101 ma-

287 2122 584 2224 gistratus
604 2120 895 2192 dubitare
915 2120 998 2193 de
1016 2116 1455 2193 deferentibus
1475 2145 1690 2193 meum
1707 2147 1947 2196 nomen
1966 2171 1989 2205 ‚
2027 2150 2149 2199 nec
2171 2128 2346 2198 vica-

293 2226 391 2294 ria
408 2221 533 2294 fide
548 2221 782 2294 tantilli
798 2220 1152 2295 voluminis
1169 2216 1631 2294 conscientiam
1645 2223 2163 2320 explorare-,cum
2180 2254 2348 2327 pra·-

291 2320 508 2394 sertim
526 2318 1037 2419 scriptionem,in
1056 2345 1252 2421 quam
1271 2322 1478 2421 magis
1498 2319 1845 2421 tempestas
1862 2325 2349 2408 incubuit‚nun-

299 2418 614 2516 cupass'em
630 2421 870 2501 Heroi,
890 2444 1084 2517 quem
1106 2416 1304 2494 foedis
1324 2421 1629 2495 convitiis
1650 2418 1993 2518 praefecere
2012 2420 2345 2522 supremae,

302 2541 430 2590 nec
449 2518 521 2587 in
536 2517 663 2588 hoc
681 2521 875 2616 Rege
893 2538 1076 2588 tanto
1093 2521 1234 2616 plus
1250 2521 1503 2594 vibrant
1523 2541 1768 2618 quanto
1789 2525 2036 2593 Natura
2055 2525 2349 2620 capacior

307 2616 1052 2690 communiumvitiorum
1069 2613 1434 2693 facultatem
1452 2617 1881 2704 obtulerat‚ne
1895 2619 2112 2719 inepta
2129 2619 2351 2695 neces-

308 2713 500 2788 fitatc
515 2710 669 2785 effct
685 2713 942 2811 probus.
995 2719 1151 2789 Hoc
1166 2716 1261 2789 est
1281 2720 1454 2792 enim
1469 2715 1593 2790 csse
1613 2714 1924 2802 sanetum,
1942 2745 2074 2793 non
2095 2721 2137 2795 fi
2154 2721 2192 2793 a
2212 2718 2349 2794 sce-

303 2815 543 2887 leribus
560 2812 734 2895 abes,
758 2811 867 2886 sed
887 2811 933 2885 fi
954 2837 1030 2886 ea
1044 2811 1353 2917 refugisti.
1377 2817 1700 2918 Equidem
1721 2821 1867 2892 Rex
1890 2846 2064 2892 meus
2083 2823 2347 2921 gloriari
2377 2886 2382 2897 .

297 2912 564 3014 pulchre
605 2910 820 3012 potest
840 2936 862 2995 3
895 2915 1108 2985 nullos
1142 2917 1405 3016 quidem
1435 2939 1799 2990 exterorum
1839 2917 1958 2991 suis
1980 2920 2347 2994 muneribus

298 3015 381 3086 ad
401 3011 737 3111 perfidiam
756 3009 990 3085 fraudis
1009 3016 1278 3088 allefieos
1298 3063 1321 3100 ‚
1361 3016 1468 3091 sed
1485 3042 1605 3090 nec
1623 3016 2004 3116 proditionis
2024 3018 2349 3089 conditio-
2406 3100 2409 3105 ‚

302 3136 457 3185 nem
476 3108 752 3183 ferentes
768 3111 1104 3188 humanius
1121 3116 1376 3188 auditos
1398 3163 1421 3197 ,
1455 3142 1644 3214 quam
1666 3115 2164 3212 ludimagistrum
2185 3119 2350 3188 Fali-

296 3204 554 3282 scorum
570 3212 882 3284 Camillus
900 3238 1058 3290 exce
1105 3214 1442 3287 it.audiant
1459 3212 1872 3316 Magistratus
1888 3238 2101 3287 meum
2113 3212 2347 3294 librum

294 3316 488 3410 (nam
509 3336 628 3408 pro
644 3307 706 3382 se
720 3309 1034 3404 ejusmodi
1094 3312 1256 3408 'cet)
1271 3339 1422 3388 cum
1438 3308 1625 3385 facile
1639 3312 1720 3384 de
1738 3311 1960 3406 judicii
1977 3338 2152 3389 metu
2164 3318 2346 3392 litte-

295 3436 370 3484 ra
383 3408 641 3483 salutari
652 3408 1002 3487 exsolvent.
2340 3414 2345 3419 ’

2212 3518 2345 3593 Sed

1350 3639 1515 3693 tefasti
1556 3640 1787 3697 divinitus
1814 3641 2052 3709 parricidii
2082 3643 2216 3695 inter
2243 3661 2346 3699 ma·

1347 3711 1530 3762 :imum
1548 3715 1726 3778 Regem
1740 3744 1758 3768 .
1786 3727 2070 3782 regnumque
2096 3714 2350 3766 Britanni:

1353 3779 1507 3835 Nonii
1524 3777 1757 3838 Novtmb.
1775 3799 1814 3834 κ
1831 3798 1863 3831 β
1876 3799 1907 3831 e
1924 3802 1971 3832 v.

1859 3854 1900 3904 Υ
1935 3866 1959 3919 5
2189 3860 2213 3895 ι
2251 3848 2354 3908 Sm-⁴

365 3657 395 3696 1
433 3647 539 3711 Cn-
550 3641 757 3712 baelafin
772 3641 992 3697 horribili>
1003 3644 1209 3697 mitae
1224 3642 1302 3693 dn·-

278 3714 662 3778 uffa-‚18:28
677 3715 887 3764 usuario
899 3713 960 3763 dc
973 3713 1301 3771 coniuratione

280 3784 580 3861 anglicana.
610 3783 765 3849 cujus
792 3783 959 3855 titulus
985 3778 1052 3833 cst
1065 3777 1205 3844 seties
1218 3794 1304 3850 pa·
