2738 4475
453 232 604 327 x248
977 233 1489 308 Evaunum.
1541 236 2036 318 §amanter

461 346 755 447 sophiam
774 348 842 428 in
863 351 1035 449 regia
1057 360 1120 425 ὃ(
1140 352 1402 448 templis
1420 397 1441 430 ‚
1485 354 1681 422 veluti
1704 351 2031 425 simulacra
2048 356 2343 425 Deorum
2364 405 2390 441 ,
2412 353 2524 427 inss

464 452 722 532 veniam
750 495 772 526 ‚
811 452 980 520 nulla
1013 454 1190 521 natio
1211 472 1341 523 tam
1359 450 1619 521 barbara
1638 474 1737 522 aut
1758 474 1890 522 tam
1910 453 2243 525 inhumana
2256 457 2508 539 extitit,

465 550 646 644 cujus
682 548 1015 647 Principes
1044 550 1473 623 eruditionem
1510 546 1604 622 sui
1623 552 1933 650 temporis
1953 578 2079 624 non
2097 574 2197 623 aut
2221 554 2513 634 mirare-‚

465 645 660 751 inm,
698 670 801 718 aut
820 673 1195 748 quaererent.
1257 653 1512 749 Diuque
1543 651 2015 750 inillofastigio
2037 648 2295 723 scientia
2310 652 2516 734 hansa,

469 746 685 834 donec
707 749 1102 821 eruditorum
1139 751 1302 820 vitio
1323 798 1349 835 ,
1377 747 1502 847 ipsa
1525 746 1693 821 suam
1714 749 2118 821 nobilitatem
2147 754 2517 833 maculavit,

473 855 541 922 &
582 872 711 916 non
736 846 814 917 ad
836 847 1125 921 umbram
1166 845 1703 947 Philosophorum
1723 900 1747 939 ,
1784 846 1889 921 sed
1908 848 1985 922 ad
2008 848 2374 923 viliffimam
2393 877 2517 923 no-

473 948 650 1019 stem
670 945 944 1019 recessit.

578 1046 908 1120 Nimirum
947 1046 1139 1121 hodie
1177 1071 1324 1118 cum
1359 1045 1587 1118 nostris
1629 1045 1863 1117 artibus
1885 1072 2193 1145 ungamur
2215 1096 2240 1132 ,
2277 1054 2344 1120 &
2369 1074 2514 1147 quae

471 1145 690 1232 laudes
710 1149 886 1220 olim
925 1144 1251 1217 scientiam
1272 1147 1625 1219 extulerant
1648 1191 1670 1226 ‚
1707 1149 2043 1218 contrariis
2062 1147 2359 1217 vitioru'm
2382 1171 2515 1218 ma·

473 1237 635 1318 culis
658 1245 1006 1316 miserrime
1027 1239 1412 1316 sordescunt.
1452 1248 1636 1321 Nulli
1656 1245 1982 1341 quondam
2003 1246 2351 1346 elegantius
2371 1271 2519 1317 mo-

475 1371 577 1420 res
601 1341 1048 1416 examinabant
1069 1390 1090 1424 ‚
1128 1346 1287 1417 nulli
1310 1345 1785 1419 commodiores
1806 1344 2098 1419 humanae
2119 1342 2522 1418 consuetudi-

473 1447 546 1540 ni
569 1444 943 1542 putabantur
966 1494 986 1527 ‚
1019 1469 1207 1542 quam
1295 1448 1357 1516 ui
1392 1444 1774 1546 eloquentiae
1813 1467 2231 1544 veterumque
2260 1467 2520 1541 tempo-

475 1570 617 1636 rum
646 1545 1107 1632 memoriae‚aut
1131 1546 1265 1619 Poe
1295 1573 1313 1615 1
1338 1545 1720 1620 studuerant.
1774 1543 1969 1617 Nihil
1992 1546 2115 1615 illis
2134 1542 2519 1624 comiusmi·

473 1635 834 1726 hilsuavius
861 1692 882 1725 ‚
906 1646 1306 1745 antiquorum
1327 1670 1477 1720 aetas
1502 1639 1698 1719 vidit(
1736 1646 1952 1716 Etiam
1970 1644 2310 1715 creduntur
2326 1640 2531 1740 syive-

379 1803 383 1808 .
469 1740 701 1836 *strium
741 1745 1121 1842 populorum
1159 1747 1345 1815 rudes
1380 1748 1628 1818 animos
1665 1745 1855 1841 primi
1878 1740 2421 1817 conciliasl'einter
2436 1737 2528 1826 se,

476 1842 883 1941 inventisque
917 1845 1163 1943 legibus
1196 1838 1481 1912 fundatas
1503 1844 1881 1938 respublicas
1913 1836 2306 1938 gubernasse.
2357 1839 2526 1912 Inde

475 1938 612 2038 ipsa
652 1940 1011 2013 humanitas
1050 1944 1141 2010 illi
1178 1937 1462 2010 scientiae
1498 1935 1673 2007 suum
1705 1961 1949 2007 nomen
1971 1934 2518 2008 accommodavit.

472 2044 680 2111 Nunc
718 2064 871 2108 vero
913 2039 1064 2134 quid
1098 2037 1365 2128 amplius
1383 2033 1593 2102 dicam
1618 2079 1642 2114 ‚
1675 2057 1865 2129 quam
1886 2053 2175 2127 parentes
2197 2049 2518 2115 metuere,

470 2158 558 2204 ne
594 2136 813 2228 pueri,
858 2134 1006 2202 dum
1044 2128 1467 2202 scholasticos
1487 2128 1788 2213 audiunt,
1820 2153 1965 2202 cum
1981 2129 2301 2199 literarum
2321 2149 2525 2208 com-,

469 2233 719 2301 mercio
753 2249 1003 2299 morum
1038 2227 1448 2300 similitudine
1465 2230 1824 2302 imbuantur
1843 2227 1874 2301 Ρ
1893 2250 1956 2299 ut
1974 2226 2235 2327 ineptiae
2250 2249 2515 2309 omnes,

472 2337 541 2408 δε
582 2328 888 2427 quicquid
921 2331 984 2398 in
1008 2324 1242 2400 incessu
1259 2328 1359 2398 vel
1385 2330 1675 2405 oratione
1696 2328 1788 2402 est
1812 2326 2105 2402 insulsum
2127 2374 2151 2410 ‚
2185 2328 2523 2401 communi

468 2427 814 2533 proverbio
833 2429 961 2521 jam
979 2425 1422 2500 consuetudini
1444 2429 1940 2501 Academiarum
1959 2427 2521 2526 imputetur.Hinc

471 2527 830 2629 proscripta
869 2525 1160 2619 majestas
1180 2530 1503 2601 literatum
1520 2572 1544 2609 ‚
1589 2537 1655 2603 &
1680 2529 1992 2626 praecipua
2010 2529 2249 2599 utilitas
2269 2573 2296 2610 ,
2328 2550 2524 2626 quam

476 2622 625 2727 ipsae
647 2628 715 2698 in
735 2625 1116 2723 respublicas
1136 2625 1525 2699 invehebant
1541 2684 1558 2713 ,
1590 2627 1930 2701 miserabili
1952 2624 2087 2699 fato
2107 2625 2363 2719 sublata.

575 2730 741 2800 Non
765 2729 943 2797 tenui
959 2726 1258 2833 equidem
1278 2724 1471 2800 risum
1493 2777 1516 2813 ‚
1559 2731 1815 2826 quoties
1836 2730 1899 2798 in
1925 2725 2292 2800 Academiis
2310 2724 2527 2797 decla-³

473 2846 758 2914 matores
782 2826 911 2894 vidi
934 2874 956 2908 ,
983 2825 1268 2897 scenicos
1288 2852 1518 2922 pueros
1538 2826 1867 2911 instruere,
1885 2852 2007 2926 qua
2027 2824 2352 2917 majestate
2368 2824 2524 2895 imi-

472 2944 689 2995 tentur
708 2919 1025 3024 fastigium
1048 2928 1310 3022 Regum
1327 2971 1349 3004 ‚
1376 2950 1480 2996 aut
1502 2948 1922 2998 matronarum
1947 2921 2379 2994 blandiffimos
2403 2946 2523 2991 nu-

477 3045 580 3097 tus
604 3070 625 3106 ,
666 3024 1025 3096 militumve
1059 3024 1451 3096 iracundiam
1487 3024 1820 3124 effingant.
1883 3025 1952 3094 O
1975 3039 2292 3119 quotquot
2309 3019 2524 3091 litera-

410 3158 422 3167 ·
476 3149 617 3197 rum
657 3122 945 3195 vindices
983 3121 1441 3223 estisferipite
1476 3122 1782 3225 squalidas
1823 3118 2036 3195 Musas
2057 3143 2137 3191 ex
2155 3118 2517 3192 carceribus

2326 3215 2519 3292 scho-

476 3316 588 3371 ess‘et
617 3327 749 3380 Rex,
783 3319 1116 3389 philosophus,
1154 3320 1469 3373 &sacerdon
1530 3326 1774 3373 Mantuan.

475 3390 655 3453 Scripta
683 3403 842 3441 tamen
862 3388 1148 3459 illaquzsub
1162 3392 1259 3453 eius
1276 3392 1472 3443 nomine
1576 3387 1662 3440 me
1682 3406 1808 3458 μνη
1835 3390 1994 3455 Persae
2020 3395 2181 3459 Magne
2207 3385 2522 3456 efiqm'ffiderae

476 3456 709 3521 prodeunt
750 3474 847 3508 non
887 3460 1013 3510 illius
1054 3471 1210 3525 partus
1237 3457 1465 3510 exhibere.
1697 3461 1832 3507 novit.
2434 3494 2441 3497 ν

474 3520 619 3592 Quod
648 3523 706 3572 ad
734 3524 886 3585 Persas
899 3529 1098 3580 attinet,
1128 3541 1294 3577 nonne
1320 3524 1468 3592 &ipfi
1528 3523 1695 3576 Exill'u
1710 3520 1840 3575 fuisse
1856 3523 2056 3574 creditur
2069 3522 2522 3591 zoroaster.dequo

477 3591 622 3657 sophi
635 3595 852 3657 appellati
867 3593 987 3659 quali
1017 3590 1311 3656 Philosophi³
1350 3595 1469 3644 Nul-
1523 3597 1736 3660 Trogus,
1771 3595 1822 3642 &
1851 3595 1950 3645 eius
1977 3589 2271 3645 abbreviator
2298 3590 2519 3659 Justinus.

472 3660 547 3719 lus
576 3672 699 3710 cette
727 3661 813 3711 nifi
828 3660 1127 3728 Philosophus
1144 3662 1192 3712 in
1208 3656 1374 3711 solium
1392 3658 1465 3711 so-
1527 3665 1656 3711 Nota
1671 3675 1826 3712 autem
1857 3659 2151 3715 scientiarum
2170 3660 2246 3712 hic
2259 3660 2359 3710 fieri
2378 3674 2513 3725 pane·

472 3726 601 3785 lebat
615 3727 757 3777 evehi.
811 3732 941 3797 Magi
967 3730 1084 3781 dieti
1102 3727 1203 3779 sunt
1217 3730 1334 3780 olim
1350 3728 1467 3778 teste
1523 3729 1657 3797 gyrin
1672 3762 1693 3790 ‚
1726 3731 1777 3779 δι
1795 3725 1843 3780 su
1926 3731 1993 3778 ius
2021 3728 2409 3796 &inferiusquos
2425 3725 2518 3775 do·-

473 3798 634 3855 'l'ullio
648 3827 666 3853 ,
707 3812 869 3867 magus
903 3797 1030 3865 quali
1067 3813 1293 3868 maguus:
1341 3796 1467 3849 unde
1522 3799 1588 3857 let
1604 3799 1752 3863 jacere
1768 3800 1817 3850 in
1864 3811 1916 3851 tu
1932 3792 2234 3866 &squallore

2295 3882 2312 3912 ι
2349 3870 2507 3946 ,ρ’-ιη
