2738 4475
457 234 593 333 164
921 239 1429 316 Eurnonm.
1480 245 1973 316 §arraret

441 378 735 445 rentem:
769 377 839 455 ut
869 357 1254 447 ambitioni,
1285 367 1350 433 δι
1386 362 1552 432 curis
1589 369 1653 434 &
1672 383 1994 459 nunquam
2012 357 2320 454 voluptati
2340 355 2476 432 sin-¹

439 483 602 531 cetae
624 459 702 537 fic
720 482 1039 543 vacarem,
1059 480 1128 530 ut
1143 460 1305 532 mihi
1323 459 1693 559 impendere
1711 460 1884 531 diem
1900 483 2033 531 non
2054 455 2310 555 poss'emz
2332 457 2477 530 suc·-

441 557 737 633 ceffuram
758 559 1016 628 interim
1035 581 1313 633 mortem
1330 605 1352 642 ‚
1368 584 1513 658 quae
1534 562 1599 631 in
1614 560 1839 630 ultima
1856 554 2045 637 scena
2060 558 2322 631 aulaeum
2337 559 2469 629 tol-

437 658 600 749 leret
616 708 640 742 ,
681 663 748 727 &
786 656 984 728 veluti
1015 681 1350 756 puerorum
1384 657 1581 731 lusum
1618 656 1855 730 finiret.
1928 654 2294 731 Audiebam
2331 680 2472 756 quae

438 757 630 833 multi
659 754 741 825 de
776 757 1131 849 aeternitate
1173 757 1635 857 loquebantur,
1688 765 1755 831 &
1796 757 1962 828 illius
1983 756 2300 853 cupiditas
2317 755 2482 830 mibi

437 854 687 926 turbam
707 908 727 936 ,
762 850 1051 953 aulasque
1089 862 1157 927 &
1195 859 1607 956 negotiorum
1650 856 1908 930 nomina
1943 851 2139 927 invisa
2180 851 2483 928 faciebat·

442 955 681 1052 Neque
711 952 1010 1053 languide
1045 956 1414 1027 ambitionis
1458 965 1525 1029 δι
1572 956 1878 1053 potentiae
1911 951 2212 1052 supplicia
2251 953 2472 1054 effugi.

437 1056 623 1129 Nam
660 1076 806 1124 cum
846 1079 952 1126 me
996 1052 1371 1126 destinatum
1388 1054 1675 1128 audirem
1696 1056 1774 1128 ad
1797 1077 1959 1129 artes
1978 1053 2227 1126 theatro
2242 1078 2480 1124 arenae-

439 1174 567 1250 que
600 1147 952 1222 simillimas
973 1199 997 1233 ‚
1031 1176 1099 1223 ut
1131 1154 1575 1249 gladiatoriam
1613 1151 1933 1236 facerem,
1984 1176 2188 1251 neque
2207 1150 2372 1225 aliud
2393 1174 2476 1222 ex

437 1242 639 1350 prisca
655 1248 999 1327 ,dubiorum
1018 1250 1375 1324 hereditate
1392 1278 1579 1352 quam
1606 1252 1914 1325 citharam
1950 1251 2309 1337 haberem,
2342 1249 2479 1349 pri-

441 1375 557 1424 mo
588 1349 932 1447 impetrare
969 1350 1221 1423 veniam
1255 1355 1544 1448 tentavi3
1573 1374 1643 1424 ut
1677 1352 1757 1424 ad
1793 1350 2021 1425 serium
2049 1352 2244 1423 animi
2264 1352 2476 1421 otium

442 1444 609 1524 mihi
625 1449 945 1523 literarum
967 1448 1169 1524 studia
1184 1448 1517 1525 darentur:
1555 1461 1623 1527 &
1661 1452 2069 1552 posteaquam
2088 1448 2482 1522 obstinatum

441 1568 776 1646 parentem
811 1550 1085 1625 minime
1117 1549 1345 1625 inflexi
1379 1598 1405 1635 ‚
1458 1553 1937 1627 communicavi
1971 1550 2242 1633 audaciae
2275 1546 2485 1621 conli-

441 1649 606 1720 lium
640 1672 784 1722 cum
804 1674 932 1721 uno
954 1652 1461 1753 Acignianorum
1481 1700 1509 1736 ‚
1543 1654 1657 1753 q'ui
1677 1653 1840 1725 mihi
1860 1653 2102 1750 primus
2120 1648 2287 1722 hunc
2307 1644 2494 1746 sydea

445 1746 614 1846 rium
647 1773 938 1824 amorem
973 1752 1198 1846 injecit
1213 1803 1237 1840 ,
1278 1759 1342 1827 &
1361 1752 1599 1848 exiguo
1619 1771 1983 1823 commeatu
2004 1752 2069 1820 in
2089 1748 2251 1820 hanc
2271 1749 2495 1818 urbem

446 1842 699 1921 furtivis
734 1849 1061 1923 itineribus
1098 1848 1411 1948 prorepsit
1458 1847 1566 1918 ubi
1582 1847 1627 1918 si
1647 1873 1753 1918 me
1770 1846 2288 1916 scholasticorum
2306 1845 2497 1916 indu-

449 1944 600 2018 stria
633 1948 1006 2044 ²produxerit
1025 1949 1104 2021 ad
1123 1943 1646 2017 consuetudinem
1670 1940 1988 2013 Musarum
2008 1989 2034 2024 ‚
2074 1939 2285 2010 statim
2303 1941 2370 2009 in
2388 1964 2493 2009 ar-

447 2068 669 2115 canam
691 2041 1217 2139 Philosophorum
1236 2039 1635 2136 disciplinam
1656 2060 1762 2107 me
1778 2034 2008 2107 dedam
2026 2080 2048 2115 ‚
2067 2037 2319 2104 illorum
2338 2037 2484 2135 qui-

444 2137 565 2210 bus
600 2140 783 2209 unica
803 2137 896 2209 est
912 2137 1248 2210 solicitudo
1261 2188 1287 2223 ‚
1325 2162 1437 2237 per
1452 2132 1777 2209 molestias
1794 2134 2079 2232 corporis
2097 2130 2489 2206 laceffitam·

445 2260 571 2333 que
606 2257 1042 2333 *paupertatem
1075 2235 1349 2310 sinceros
1386 2234 1635 2307 animos
1657 2229 1978 2331 syderibus
2014 2228 2486 2310 transfundere.

444 2338 538 2411 Et
579 2359 746 2406 nunc
780 2358 1071 2433 parentes
1109 2339 1242 2410 mei
1280 2333 1575 2408 desolatae
1596 2331 1939 2406 sene&utis
1959 2330 2305 2405 orbitatem
2328 2357 2494 2433 que·

448 2457 702 2513 runtur‚
747 2433 1036 2535 mihique
1068 2461 1182 2536 per
1218 2439 1499 2508 lamenta
1533 2442 1602 2508 &
1626 2427 2012 2507 miserrimos
2030 2434 2324 2530 planetus
2345 2457 2487 2506 cer-

453 2538 691 2608 tiorem
724 2535 802 2605 ad
837 2536 1132 2608 Numina
1165 2536 1333 2607 viam
1367 2530 1676 2606 sanciunt.
1729 2529 2120 2621 Quodfime
2136 2529 2313 2603 audis
2335 2580 2360 2618 ,
2411 2539 2488 2606 δι

455 2656 646 2736 potes
680 2628 1057 2706 felicitatem
1090 2633 1414 2707 leviffimo
1442 2631 1781 2731 impendio
1810 2654 2074 2716 emere,
2124 2649 2194 2702 tu
2230 2655 2491 2731 quoque

455 2730 901 2807 Themistium
935 2735 1254 2832 relinques
1274 2779 1297 2816 ,
1333 2729 1759 2832 abdicatisque
1774 2730 2179 2804 mortalitatis
2196 2753 2497 2807 commo-

457 2832 557 2922 dis
575 2852 641 2902 te
661 2833 729 2901 in
750 2832 1118 2905 clientelam
1139 2829 1428 2931 syderum
1445 2834 1843 2905 committes.
2168 2859 2169 2862 ’

561 2927 717 3006 Post
754 2927 916 3003 hanc
949 2933 1312 3004 orationem
1347 2930 1546 3004 etiam
1582 2926 2019 3003 vehementius
2064 2930 2487 2999 Anemonem

462 3033 715 3112 amavi,
757 3036 822 3102 δι
846 3028 1235 3102 exosculatus
1256 3027 1391 3102 sum
1411 3032 1726 3129 impetum
1748 3026 1941 3099 animi
1960 3047 2089 3096 tam
2108 3022 2389 3100 aversum
2413 3025 2497 3097 ab

460 3129 822 3205 humilitate
856 3133 1277 3230 voluptatum.
1339 3136 1430 3202 At
1447 3156 1591 3203 cum
1606 3127 1808 3200 indies
1830 3127 1996 3195 inter
2011 3148 2127 3195 nos
2145 3124 2501 3199 muffitare-

467 3255 608 3301 mus
631 3229 711 3302 de
731 3228 1268 3330 Philosophorum
1291 3232 1421 3301 vita
1441 3278 1465 3314 ,
1497 3229 1572 3299 ad
1589 3252 1747 3326 quos
1767 3220 1898 3324 ipse
1917 3223 2293 3322 properabat
2311 3273 2335 3310 ,
2351 3243 2493 3297 tan·-

463 3326 619 3401 dem
650 3353 780 3426 ego
800 3354 932 3402 non
948 3328 1235 3402 conscius
1258 3351 1505 3400 tantum
1528 3324 1770 3397 consilii
1787 3373 1811 3410 ‚
1844 3346 2060 3395 verum
2078 3323 2275 3396 ctiam
2300 3325 2495 3422 partia·

466 3452 619 3526 ceps
636 3425 825 3498 evasi.
877 3427 1092 3527 Ipsum
1110 3426 1595 3526 conspirationis
1612 3422 1919 3496 secretum
1940 3479 1962 3505 ,
2001 3422 2175 3522 quod
2195 3424 2360 3495 inter
2374 3448 2493 3495 nos

470 3524 906 3608 fideliffimum
938 3547 1072 3600 erat
1092 3576 1116 3613 ,
1154 3533 1221 3599 δι
1256 3549 1553 3624 praeterea
1587 3522 1762 3622 quod
1779 3522 2023 3599 amieos
2043 3521 2123 3593 ab
2138 3522 2256 3594 hac
2277 3543 2493 3595 mente

459 3622 713 3711 ,aversos
728 3621 1073 3702 sciebamus
1092 3674 1115 3711 ,
1134 3623 1452 3726 utriusque
1468 3624 1883 3727 pertinaciam
1900 3622 2177 3724 maligna
2199 3623 2491 3720 volupta-

472 3748 540 3799 te
558 3722 841 3799 acuebat.
1273 3727 1276 3728 *
1482 3783 1493 3814 ,
2313 3820 2378 3891 C

2380 3839 2473 3889 ξ,
