<?xml version="1.0" encoding="UTF-8"?>
<!DOCTYPE html PUBLIC "-//W3C//DTD XHTML 1.0 Transitional//EN"
    "http://www.w3.org/TR/xhtml1/DTD/xhtml1-transitional.dtd">
<html xmlns="http://www.w3.org/1999/xhtml" xml:lang="en" lang="en">
 <head>
  <title>
</title>
<meta http-equiv="Content-Type" content="text/html;charset=utf-8" />
  <meta name='ocr-system' content='tesseract 3.04.00' />
  <meta name='ocr-capabilities' content='ocr_page ocr_carea ocr_par ocr_line ocrx_word'/>
</head>
<body>
  <div class='ocr_page' id='page_1' title='image "./euphormionislus00barcgoog_0190.png"; bbox 0 0 2738 4475; ppageno 0'>
   <div class='ocr_carea' id='block_1_1' title="bbox 477 236 2045 347">
    <p class='ocr_par' dir='ltr' id='par_1_1' title="bbox 477 236 2045 347">
     <span class='ocr_line' id='line_1_1' title="bbox 477 236 2045 347; baseline -0.005 -20"><span class='ocrx_word' id='word_1_1' title='bbox 477 236 672 347; x_wconf 34' lang='lat'>148²</span> <span class='ocrx_word' id='word_1_2' title='bbox 977 250 1489 323; x_wconf 57' lang='lat' dir='ltr'>Evaunum.</span> <span class='ocrx_word' id='word_1_3' title='bbox 1541 245 2045 322; x_wconf 66' lang='lat' dir='ltr'>SArYntct</span> 
     </span>
    </p>
   </div>
   <div class='ocr_carea' id='block_1_2' title="bbox 422 360 2517 2739">
    <p class='ocr_par' dir='ltr' id='par_1_2' title="bbox 422 360 2517 1629">
     <span class='ocr_line' id='line_1_2' title="bbox 467 360 2511 467; baseline -0.001 -29"><span class='ocrx_word' id='word_1_4' title='bbox 467 394 590 467; x_wconf 85' lang='lat' dir='ltr'>pro</span> <span class='ocrx_word' id='word_1_5' title='bbox 624 361 970 439; x_wconf 87' lang='lat' dir='ltr'>stoliditate</span> <span class='ocrx_word' id='word_1_6' title='bbox 1007 363 1424 463; x_wconf 68' lang='lat' dir='ltr'>pugnabunt?</span> <span class='ocrx_word' id='word_1_7' title='bbox 1477 370 1643 440; x_wconf 90' lang='lat' dir='ltr'>Non</span> <span class='ocrx_word' id='word_1_8' title='bbox 1686 363 1810 437; x_wconf 87' lang='lat' dir='ltr'>boc</span> <span class='ocrx_word' id='word_1_9' title='bbox 1833 362 2043 437; x_wconf 89' lang='lat' dir='ltr'>seculo</span> <span class='ocrx_word' id='word_1_10' title='bbox 2061 360 2511 436; x_wconf 76' lang='lat' dir='ltr'><strong>Clazomeniis</strong></span> 
     </span>
     <span class='ocr_line' id='line_1_3' title="bbox 422 460 2499 562; baseline -0.005 -19"><span class='ocrx_word' id='word_1_11' title='bbox 422 539 425 543; x_wconf 79' lang='lat'><strong>.</strong></span> <span class='ocrx_word' id='word_1_12' title='bbox 465 467 616 539; x_wconf 90' lang='lat' dir='ltr'>solis</span> <span class='ocrx_word' id='word_1_13' title='bbox 638 466 907 537; x_wconf 80' lang='lat' dir='ltr'>insanire</span> <span class='ocrx_word' id='word_1_14' title='bbox 923 467 1182 562; x_wconf 90' lang='lat' dir='ltr'>publico</span> <span class='ocrx_word' id='word_1_15' title='bbox 1201 465 1463 535; x_wconf 83' lang='lat' dir='ltr'>decreto</span> <span class='ocrx_word' id='word_1_16' title='bbox 1481 462 1837 537; x_wconf 77' lang='lat' dir='ltr'>concessum</span> <span class='ocrx_word' id='word_1_17' title='bbox 1860 464 1977 536; x_wconf 87' lang='lat' dir='ltr'>est.</span> <span class='ocrx_word' id='word_1_18' title='bbox 2036 460 2229 538; x_wconf 89' lang='lat' dir='ltr'>Nihil</span> <span class='ocrx_word' id='word_1_19' title='bbox 2261 482 2499 555; x_wconf 85' lang='lat' dir='ltr'>tutum,</span> 
     </span>
     <span class='ocr_line' id='line_1_4' title="bbox 466 560 2504 664; baseline -0.002 -27"><span class='ocrx_word' id='word_1_20' title='bbox 466 568 630 637; x_wconf 85' lang='lat' dir='ltr'>nibil</span> <span class='ocrx_word' id='word_1_21' title='bbox 665 563 970 635; x_wconf 69' lang='lat' dir='ltr'>sincerum</span> <span class='ocrx_word' id='word_1_22' title='bbox 1008 566 1398 664; x_wconf 83' lang='lat' dir='ltr'>relinquetur</span> <span class='ocrx_word' id='word_1_23' title='bbox 1417 588 1439 646; x_wconf 70' lang='grc' dir='ltr'><strong>ς</strong></span> <span class='ocrx_word' id='word_1_24' title='bbox 1480 587 1600 636; x_wconf 88' lang='lat' dir='ltr'>nec</span> <span class='ocrx_word' id='word_1_25' title='bbox 1644 563 1811 635; x_wconf 88' lang='lat' dir='ltr'>aliud</span> <span class='ocrx_word' id='word_1_26' title='bbox 1835 588 2110 664; x_wconf 85' lang='lat' dir='ltr'>pugnam</span> <span class='ocrx_word' id='word_1_27' title='bbox 2132 560 2504 659; x_wconf 71' lang='lat' dir='ltr'>cademque</span> 
     </span>
     <span class='ocr_line' id='line_1_5' title="bbox 467 660 2509 764; baseline -0.002 -29"><span class='ocrx_word' id='word_1_28' title='bbox 467 663 870 764; x_wconf 80' lang='lat' dir='ltr'>prohibebit,</span> <span class='ocrx_word' id='word_1_29' title='bbox 893 661 1005 733; x_wconf 84' lang='lat' dir='ltr'>nifi</span> <span class='ocrx_word' id='word_1_30' title='bbox 1028 661 1071 733; x_wconf 86' lang='lat' dir='ltr'>fi</span> <span class='ocrx_word' id='word_1_31' title='bbox 1096 660 1263 734; x_wconf 88' lang='lat' dir='ltr'>forte</span> <span class='ocrx_word' id='word_1_32' title='bbox 1278 664 1344 733; x_wconf 90' lang='lat' dir='ltr'>in</span> <span class='ocrx_word' id='word_1_33' title='bbox 1365 688 1525 762; x_wconf 88' lang='lat' dir='ltr'>quos</span> <span class='ocrx_word' id='word_1_34' title='bbox 1542 661 1801 735; x_wconf 81' lang='lat' dir='ltr'>saeviant</span> <span class='ocrx_word' id='word_1_35' title='bbox 1817 688 1949 733; x_wconf 90' lang='lat' dir='ltr'>non</span> <span class='ocrx_word' id='word_1_36' title='bbox 1970 660 2315 734; x_wconf 82' lang='lat' dir='ltr'>habebunt.</span> <span class='ocrx_word' id='word_1_37' title='bbox 2358 661 2509 735; x_wconf 79' lang='lat' dir='ltr'>Ma.-</span> 
     </span>
     <span class='ocr_line' id='line_1_6' title="bbox 466 759 2511 863; baseline -0.002 -30"><span class='ocrx_word' id='word_1_38' title='bbox 466 789 594 863; x_wconf 85' lang='lat' dir='ltr'>gna</span> <span class='ocrx_word' id='word_1_39' title='bbox 613 764 880 858; x_wconf 87' lang='lat' dir='ltr'>imperia</span> <span class='ocrx_word' id='word_1_40' title='bbox 901 786 1020 841; x_wconf 87' lang='lat' dir='ltr'>nec</span> <span class='ocrx_word' id='word_1_41' title='bbox 1040 761 1203 858; x_wconf 87' lang='lat' dir='ltr'>apud</span> <span class='ocrx_word' id='word_1_42' title='bbox 1226 763 1569 858; x_wconf 84' lang='lat' dir='ltr'>prudentes</span> <span class='ocrx_word' id='word_1_43' title='bbox 1592 761 1721 833; x_wconf 82' lang='lat' dir='ltr'>fine</span> <span class='ocrx_word' id='word_1_44' title='bbox 1744 759 2132 835; x_wconf 81' lang='lat' dir='ltr'>formidabili</span> <span class='ocrx_word' id='word_1_45' title='bbox 2150 759 2511 833; x_wconf 62' lang='lat' dir='ltr'>concuffiof-</span> 
     </span>
     <span class='ocr_line' id='line_1_7' title="bbox 465 857 2504 952; baseline -0.001 -19"><span class='ocrx_word' id='word_1_46' title='bbox 465 888 549 933; x_wconf 89' lang='lat' dir='ltr'>ne</span> <span class='ocrx_word' id='word_1_47' title='bbox 567 876 912 933; x_wconf 82' lang='lat' dir='ltr'>mutantur.</span> <span class='ocrx_word' id='word_1_48' title='bbox 959 860 1335 934; x_wconf 86' lang='lat' dir='ltr'>Verendum</span> <span class='ocrx_word' id='word_1_49' title='bbox 1356 860 1452 931; x_wconf 90' lang='lat' dir='ltr'>est</span> <span class='ocrx_word' id='word_1_50' title='bbox 1467 907 1490 943; x_wconf 86' lang='lat'>‚</span> <span class='ocrx_word' id='word_1_51' title='bbox 1511 885 1592 933; x_wconf 86' lang='lat' dir='ltr'>ne</span> <span class='ocrx_word' id='word_1_52' title='bbox 1614 907 1634 941; x_wconf 83' lang='lat'>‚</span> <span class='ocrx_word' id='word_1_53' title='bbox 1653 860 1695 932; x_wconf 81' lang='lat' dir='ltr'>li</span> <span class='ocrx_word' id='word_1_54' title='bbox 1717 881 1908 934; x_wconf 80' lang='lat' dir='ltr'>tantae</span> <span class='ocrx_word' id='word_1_55' title='bbox 1930 857 2357 934; x_wconf 86' lang='lat' dir='ltr'>multitudinis</span> <span class='ocrx_word' id='word_1_56' title='bbox 2366 858 2504 952; x_wconf 84' lang='lat' dir='ltr'>jam</span> 
     </span>
     <span class='ocr_line' id='line_1_8' title="bbox 465 957 2510 1058; baseline -0.001 -27"><span class='ocrx_word' id='word_1_57' title='bbox 465 960 713 1058; x_wconf 87' lang='lat' dir='ltr'>placida</span> <span class='ocrx_word' id='word_1_58' title='bbox 731 960 1191 1058; x_wconf 87' lang='lat' dir='ltr'>tranquillaque</span> <span class='ocrx_word' id='word_1_59' title='bbox 1211 959 1413 1029; x_wconf 86' lang='lat' dir='ltr'>moles</span> <span class='ocrx_word' id='word_1_60' title='bbox 1429 960 1810 1032; x_wconf 82' lang='lat' dir='ltr'>excitabitur</span> <span class='ocrx_word' id='word_1_61' title='bbox 1825 1009 1851 1046; x_wconf 86' lang='lat'>‚</span> <span class='ocrx_word' id='word_1_62' title='bbox 1884 982 2015 1033; x_wconf 87' lang='lat' dir='ltr'>non</span> <span class='ocrx_word' id='word_1_63' title='bbox 2055 957 2261 1056; x_wconf 86' lang='lat' dir='ltr'>magis</span> <span class='ocrx_word' id='word_1_64' title='bbox 2282 958 2366 1028; x_wconf 89' lang='lat' dir='ltr'>de</span> <span class='ocrx_word' id='word_1_65' title='bbox 2381 959 2510 1029; x_wconf 88' lang='lat' dir='ltr'>im·</span> 
     </span>
     <span class='ocr_line' id='line_1_9' title="bbox 469 1054 2499 1157; baseline -0.003 -26"><span class='ocrx_word' id='word_1_66' title='bbox 469 1059 775 1157; x_wconf 89' lang='lat' dir='ltr'>ponendo</span> <span class='ocrx_word' id='word_1_67' title='bbox 816 1058 978 1131; x_wconf 88' lang='lat' dir='ltr'>duce</span> <span class='ocrx_word' id='word_1_68' title='bbox 996 1105 1032 1157; x_wconf 67' lang='grc' dir='ltr'>,ι</span> <span class='ocrx_word' id='word_1_69' title='bbox 1053 1083 1243 1157; x_wconf 89' lang='lat' dir='ltr'>quam</span> <span class='ocrx_word' id='word_1_70' title='bbox 1284 1056 1364 1128; x_wconf 87' lang='lat' dir='ltr'>de</span> <span class='ocrx_word' id='word_1_71' title='bbox 1384 1054 1661 1130; x_wconf 88' lang='lat' dir='ltr'>sedando</span> <span class='ocrx_word' id='word_1_72' title='bbox 1675 1060 1955 1131; x_wconf 79' lang='lat' dir='ltr'>exercitu</span> <span class='ocrx_word' id='word_1_73' title='bbox 1970 1057 2379 1156; x_wconf 83' lang='lat' dir='ltr'>quaerendum</span> <span class='ocrx_word' id='word_1_74' title='bbox 2401 1055 2499 1127; x_wconf 84' lang='lat' dir='ltr'>fit.</span> 
     </span>
     <span class='ocr_line' id='line_1_10' title="bbox 466 1150 2502 1255; baseline -0.003 -25"><span class='ocrx_word' id='word_1_75' title='bbox 466 1161 792 1233; x_wconf 83' lang='lat' dir='ltr'>Patiamur</span> <span class='ocrx_word' id='word_1_76' title='bbox 821 1154 1027 1228; x_wconf 82' lang='lat' dir='ltr'>fatuos</span> <span class='ocrx_word' id='word_1_77' title='bbox 1068 1155 1511 1227; x_wconf 78' lang='lat' dir='ltr'>conditionem</span> <span class='ocrx_word' id='word_1_78' title='bbox 1556 1156 1731 1231; x_wconf 90' lang='lat' dir='ltr'>suam</span> <span class='ocrx_word' id='word_1_79' title='bbox 1745 1161 2056 1255; x_wconf 86' lang='lat' dir='ltr'>ignorare.</span> <span class='ocrx_word' id='word_1_80' title='bbox 2111 1155 2254 1225; x_wconf 84' lang='lat' dir='ltr'>Sint</span> <span class='ocrx_word' id='word_1_81' title='bbox 2268 1150 2380 1225; x_wconf 91' lang='lat' dir='ltr'>suo</span> <span class='ocrx_word' id='word_1_82' title='bbox 2396 1156 2502 1246; x_wconf 82' lang='lat' dir='ltr'>ju-</span> 
     </span>
     <span class='ocr_line' id='line_1_11' title="bbox 467 1255 2517 1356; baseline -0.002 -29"><span class='ocrx_word' id='word_1_83' title='bbox 467 1256 646 1327; x_wconf 88' lang='lat' dir='ltr'>dicio</span> <span class='ocrx_word' id='word_1_84' title='bbox 665 1256 1008 1355; x_wconf 79' lang='lat' dir='ltr'>prudentes</span> <span class='ocrx_word' id='word_1_85' title='bbox 1028 1298 1048 1336; x_wconf 86' lang='lat'>‚</span> <span class='ocrx_word' id='word_1_86' title='bbox 1099 1277 1218 1325; x_wconf 85' lang='lat' dir='ltr'>nec</span> <span class='ocrx_word' id='word_1_87' title='bbox 1243 1280 1545 1356; x_wconf 82' lang='lat' dir='ltr'>cogamus</span> <span class='ocrx_word' id='word_1_88' title='bbox 1565 1261 1632 1328; x_wconf 84' lang='lat'>&amp;</span> <span class='ocrx_word' id='word_1_89' title='bbox 1654 1259 1879 1328; x_wconf 81' lang='lat' dir='ltr'>vitium</span> <span class='ocrx_word' id='word_1_90' title='bbox 1898 1281 2017 1327; x_wconf 79' lang='lat' dir='ltr'>eos</span> <span class='ocrx_word' id='word_1_91' title='bbox 2034 1265 2099 1329; x_wconf 83' lang='lat'>&amp;</span> <span class='ocrx_word' id='word_1_92' title='bbox 2118 1255 2280 1326; x_wconf 85' lang='lat' dir='ltr'>vires</span> <span class='ocrx_word' id='word_1_93' title='bbox 2514 1268 2517 1271; x_wconf 82' lang='grc'><strong>’</strong></span> 
     </span>
     <span class='ocr_line' id='line_1_12' title="bbox 466 1351 2503 1454; baseline -0.001 -29"><span class='ocrx_word' id='word_1_94' title='bbox 466 1352 661 1428; x_wconf 86' lang='lat' dir='ltr'>scere.</span> <span class='ocrx_word' id='word_1_95' title='bbox 698 1351 1060 1448; x_wconf 84' lang='lat' dir='ltr'>Adjuvabat</span> <span class='ocrx_word' id='word_1_96' title='bbox 1079 1357 1300 1427; x_wconf 81' lang='lat' dir='ltr'>omnia</span> <span class='ocrx_word' id='word_1_97' title='bbox 1322 1358 1618 1454; x_wconf 83' lang='lat' dir='ltr'>princeps</span> <span class='ocrx_word' id='word_1_98' title='bbox 1639 1352 1873 1441; x_wconf 84' lang='lat' dir='ltr'>fatuus,</span> <span class='ocrx_word' id='word_1_99' title='bbox 1893 1351 2503 1449; x_wconf 80' lang='lat' dir='ltr'>ridentibuslacbry-</span> 
     </span>
     <span class='ocr_line' id='line_1_13' title="bbox 468 1451 2505 1557; baseline -0.002 -31"><span class='ocrx_word' id='word_1_100' title='bbox 468 1457 594 1526; x_wconf 88' lang='lat' dir='ltr'>mis</span> <span class='ocrx_word' id='word_1_101' title='bbox 616 1503 640 1540; x_wconf 91' lang='lat'>,</span> <span class='ocrx_word' id='word_1_102' title='bbox 679 1475 961 1555; x_wconf 89' lang='lat' dir='ltr'>nutuque</span> <span class='ocrx_word' id='word_1_103' title='bbox 984 1509 1006 1540; x_wconf 91' lang='lat'>‚</span> <span class='ocrx_word' id='word_1_104' title='bbox 1044 1453 1088 1525; x_wconf 79' lang='lat' dir='ltr'><strong>fi</strong></span> <span class='ocrx_word' id='word_1_105' title='bbox 1113 1454 1400 1527; x_wconf 86' lang='lat' dir='ltr'>vinceret</span> <span class='ocrx_word' id='word_1_106' title='bbox 1420 1505 1444 1545; x_wconf 82' lang='lat'><strong>,</strong></span> <span class='ocrx_word' id='word_1_107' title='bbox 1482 1456 1737 1557; x_wconf 83' lang='lat' dir='ltr'>lingulis</span> <span class='ocrx_word' id='word_1_108' title='bbox 1756 1456 1922 1556; x_wconf 81' lang='lat' dir='ltr'>apud</span> <span class='ocrx_word' id='word_1_109' title='bbox 1940 1453 2003 1526; x_wconf 84' lang='lat' dir='ltr'>se</span> <span class='ocrx_word' id='word_1_110' title='bbox 2020 1454 2365 1556; x_wconf 83' lang='lat' dir='ltr'>dignitates</span> <span class='ocrx_word' id='word_1_111' title='bbox 2384 1451 2505 1525; x_wconf 87' lang='lat' dir='ltr'>de·</span> 
     </span>
     <span class='ocr_line' id='line_1_14' title="bbox 467 1550 733 1629; baseline 0.008 -3"><span class='ocrx_word' id='word_1_112' title='bbox 467 1550 733 1629; x_wconf 84' lang='lat' dir='ltr'>stinans.</span> 
     </span>
    </p>

    <p class='ocr_par' dir='ltr' id='par_1_3' title="bbox 453 1651 2515 2739">
     <span class='ocr_line' id='line_1_15' title="bbox 567 1651 2515 1752; baseline -0.002 -26"><span class='ocrx_word' id='word_1_113' title='bbox 567 1652 898 1726; x_wconf 83' lang='lat' dir='ltr'>Videbam</span> <span class='ocrx_word' id='word_1_114' title='bbox 913 1679 1046 1725; x_wconf 88' lang='lat' dir='ltr'>non</span> <span class='ocrx_word' id='word_1_115' title='bbox 1064 1677 1283 1726; x_wconf 83' lang='lat' dir='ltr'>vacare</span> <span class='ocrx_word' id='word_1_116' title='bbox 1303 1651 1570 1727; x_wconf 84' lang='lat' dir='ltr'>miseriis</span> <span class='ocrx_word' id='word_1_117' title='bbox 1587 1655 1748 1728; x_wconf 86' lang='lat' dir='ltr'>meis</span> <span class='ocrx_word' id='word_1_118' title='bbox 1765 1654 2046 1749; x_wconf 85' lang='lat' dir='ltr'>judicem</span> <span class='ocrx_word' id='word_1_119' title='bbox 2062 1699 2087 1735; x_wconf 86' lang='lat'>‚</span> <span class='ocrx_word' id='word_1_120' title='bbox 2137 1674 2350 1752; x_wconf 87' lang='lat' dir='ltr'>neque</span> <span class='ocrx_word' id='word_1_121' title='bbox 2387 1675 2515 1750; x_wconf 82' lang='lat' dir='ltr'>po-</span> 
     </span>
     <span class='ocr_line' id='line_1_16' title="bbox 467 1750 2511 1854; baseline 0 -32"><span class='ocrx_word' id='word_1_122' title='bbox 467 1751 593 1822; x_wconf 88' lang='lat' dir='ltr'>tius</span> <span class='ocrx_word' id='word_1_123' title='bbox 636 1776 754 1850; x_wconf 79' lang='lat' dir='ltr'>per</span> <span class='ocrx_word' id='word_1_124' title='bbox 786 1777 890 1825; x_wconf 88' lang='lat' dir='ltr'>me</span> <span class='ocrx_word' id='word_1_125' title='bbox 926 1779 1118 1854; x_wconf 88' lang='lat' dir='ltr'>quam</span> <span class='ocrx_word' id='word_1_126' title='bbox 1136 1778 1250 1852; x_wconf 86' lang='lat' dir='ltr'>per</span> <span class='ocrx_word' id='word_1_127' title='bbox 1266 1750 1532 1826; x_wconf 87' lang='lat' dir='ltr'>disertos</span> <span class='ocrx_word' id='word_1_128' title='bbox 1554 1758 1806 1852; x_wconf 87' lang='lat' dir='ltr'>patroni</span> <span class='ocrx_word' id='word_1_129' title='bbox 1822 1751 2073 1852; x_wconf 82' lang='lat' dir='ltr'>questus</span> <span class='ocrx_word' id='word_1_130' title='bbox 2095 1776 2235 1822; x_wconf 84' lang='lat' dir='ltr'>rem</span> <span class='ocrx_word' id='word_1_131' title='bbox 2254 1750 2511 1847; x_wconf 75' lang='lat' dir='ltr'>publice</span> 
     </span>
     <span class='ocr_line' id='line_1_17' title="bbox 468 1846 2509 1951; baseline -0.002 -28"><span class='ocrx_word' id='word_1_132' title='bbox 468 1846 910 1925; x_wconf 83' lang='lat' dir='ltr'>deferendam.</span> <span class='ocrx_word' id='word_1_133' title='bbox 966 1861 1183 1951; x_wconf 80' lang='lat' dir='ltr'>ltaque</span> <span class='ocrx_word' id='word_1_134' title='bbox 1212 1876 1358 1923; x_wconf 89' lang='lat' dir='ltr'>cum</span> <span class='ocrx_word' id='word_1_135' title='bbox 1397 1851 1552 1922; x_wconf 86' lang='lat' dir='ltr'>hora</span> <span class='ocrx_word' id='word_1_136' title='bbox 1585 1876 1764 1947; x_wconf 82' lang='lat' dir='ltr'>paene</span> <span class='ocrx_word' id='word_1_137' title='bbox 1802 1850 2178 1920; x_wconf 85' lang='lat' dir='ltr'>duodecima</span> <span class='ocrx_word' id='word_1_138' title='bbox 2198 1851 2384 1920; x_wconf 87' lang='lat' dir='ltr'>litem</span> <span class='ocrx_word' id='word_1_139' title='bbox 2401 1850 2509 1939; x_wconf 84' lang='lat' dir='ltr'>ju·</span> 
     </span>
     <span class='ocr_line' id='line_1_18' title="bbox 467 1944 2504 2028; baseline -0.004 -7"><span class='ocrx_word' id='word_1_140' title='bbox 467 1949 913 2023; x_wconf 80' lang='lat' dir='ltr'>cundiffimam</span> <span class='ocrx_word' id='word_1_141' title='bbox 932 1948 1274 2023; x_wconf 68' lang='lat' dir='ltr'>diremisset</span> <span class='ocrx_word' id='word_1_142' title='bbox 1288 1994 1311 2028; x_wconf 86' lang='lat'>‚</span> <span class='ocrx_word' id='word_1_143' title='bbox 1364 1949 1704 2018; x_wconf 82' lang='lat' dir='ltr'>admiratus</span> <span class='ocrx_word' id='word_1_144' title='bbox 1726 1968 1826 2016; x_wconf 88' lang='lat' dir='ltr'>tot</span> <span class='ocrx_word' id='word_1_145' title='bbox 1846 1944 2189 2016; x_wconf 70' lang='lat' dir='ltr'>causidicos</span> <span class='ocrx_word' id='word_1_146' title='bbox 2211 1944 2249 2014; x_wconf 80' lang='grc' dir='ltr'>ὲ</span> <span class='ocrx_word' id='word_1_147' title='bbox 2270 1944 2504 2015; x_wconf 73' lang='lat' dir='ltr'>subsel-</span> 
     </span>
     <span class='ocr_line' id='line_1_19' title="bbox 466 2042 2505 2146; baseline -0.004 -28"><span class='ocrx_word' id='word_1_148' title='bbox 466 2050 549 2118; x_wconf 90' lang='lat' dir='ltr'>lis</span> <span class='ocrx_word' id='word_1_149' title='bbox 574 2046 895 2146; x_wconf 79' lang='lat' dir='ltr'>surgentes</span> <span class='ocrx_word' id='word_1_150' title='bbox 916 2093 938 2126; x_wconf 89' lang='lat'>,</span> <span class='ocrx_word' id='word_1_151' title='bbox 960 2047 1290 2144; x_wconf 69' lang='lat' dir='ltr'>quoeolim</span> <span class='ocrx_word' id='word_1_152' title='bbox 1313 2043 1505 2115; x_wconf 79' lang='lat' dir='ltr'>causae</span> <span class='ocrx_word' id='word_1_153' title='bbox 1526 2067 1659 2112; x_wconf 87' lang='lat' dir='ltr'>non</span> <span class='ocrx_word' id='word_1_154' title='bbox 1675 2063 1852 2113; x_wconf 86' lang='lat' dir='ltr'>erant</span> <span class='ocrx_word' id='word_1_155' title='bbox 1871 2087 1893 2121; x_wconf 87' lang='lat'><strong>‚</strong></span> <span class='ocrx_word' id='word_1_156' title='bbox 1916 2042 2209 2113; x_wconf 88' lang='lat' dir='ltr'>omnium</span> <span class='ocrx_word' id='word_1_157' title='bbox 2229 2066 2339 2113; x_wconf 89' lang='lat' dir='ltr'>ora</span> <span class='ocrx_word' id='word_1_158' title='bbox 2360 2042 2505 2114; x_wconf 82' lang='lat' dir='ltr'>vul·</span> 
     </span>
     <span class='ocr_line' id='line_1_20' title="bbox 464 2138 2505 2245; baseline -0.002 -30"><span class='ocrx_word' id='word_1_159' title='bbox 464 2142 690 2245; x_wconf 87' lang='lat' dir='ltr'>tusque</span> <span class='ocrx_word' id='word_1_160' title='bbox 709 2139 1063 2241; x_wconf 85' lang='lat' dir='ltr'>pensabam.</span> <span class='ocrx_word' id='word_1_161' title='bbox 1116 2143 1294 2212; x_wconf 85' lang='lat' dir='ltr'>Illius</span> <span class='ocrx_word' id='word_1_162' title='bbox 1313 2162 1567 2211; x_wconf 86' lang='lat' dir='ltr'>torvum</span> <span class='ocrx_word' id='word_1_163' title='bbox 1586 2138 1982 2240; x_wconf 85' lang='lat' dir='ltr'>supercilium</span> <span class='ocrx_word' id='word_1_164' title='bbox 2003 2138 2339 2210; x_wconf 82' lang='lat' dir='ltr'>horrebam</span> <span class='ocrx_word' id='word_1_165' title='bbox 2358 2184 2382 2221; x_wconf 84' lang='lat'><strong>,</strong></span> <span class='ocrx_word' id='word_1_166' title='bbox 2419 2141 2505 2211; x_wconf 87' lang='lat' dir='ltr'>il-</span> 
     </span>
     <span class='ocr_line' id='line_1_21' title="bbox 453 2236 2507 2340; baseline -0.001 -25"><span class='ocrx_word' id='word_1_167' title='bbox 453 2245 582 2315; x_wconf 81' lang='lat' dir='ltr'>lius</span> <span class='ocrx_word' id='word_1_168' title='bbox 604 2244 980 2340; x_wconf 84' lang='lat' dir='ltr'>explicatam</span> <span class='ocrx_word' id='word_1_169' title='bbox 1000 2236 1294 2313; x_wconf 86' lang='lat' dir='ltr'>lascivam</span> <span class='ocrx_word' id='word_1_170' title='bbox 1346 2264 1423 2311; x_wconf 89' lang='lat' dir='ltr'>ue</span> <span class='ocrx_word' id='word_1_171' title='bbox 1436 2237 1696 2312; x_wconf 86' lang='lat' dir='ltr'>barbam</span> <span class='ocrx_word' id='word_1_172' title='bbox 1713 2240 1993 2311; x_wconf 75' lang='lat' dir='ltr'>oderamt</span> <span class='ocrx_word' id='word_1_173' title='bbox 2015 2261 2133 2312; x_wconf 89' lang='lat' dir='ltr'>nec</span> <span class='ocrx_word' id='word_1_174' title='bbox 2150 2254 2285 2311; x_wconf 82' lang='lat' dir='ltr'>erat</span> <span class='ocrx_word' id='word_1_175' title='bbox 2302 2262 2507 2336; x_wconf 85' lang='lat' dir='ltr'>quem</span> 
     </span>
     <span class='ocr_line' id='line_1_22' title="bbox 462 2337 2506 2440; baseline -0 -27"><span class='ocrx_word' id='word_1_176' title='bbox 462 2365 600 2413; x_wconf 88' lang='lat' dir='ltr'>non</span> <span class='ocrx_word' id='word_1_177' title='bbox 639 2362 744 2413; x_wconf 90' lang='lat' dir='ltr'>aut</span> <span class='ocrx_word' id='word_1_178' title='bbox 776 2342 1129 2413; x_wconf 82' lang='lat' dir='ltr'>reverentia</span> <span class='ocrx_word' id='word_1_179' title='bbox 1160 2359 1263 2411; x_wconf 88' lang='lat' dir='ltr'>aut</span> <span class='ocrx_word' id='word_1_180' title='bbox 1335 2337 1626 2412; x_wconf 88' lang='lat' dir='ltr'>astidium</span> <span class='ocrx_word' id='word_1_181' title='bbox 1667 2339 2034 2440; x_wconf 84' lang='lat' dir='ltr'>prohiberet</span> <span class='ocrx_word' id='word_1_182' title='bbox 2076 2337 2255 2410; x_wconf 86' lang='lat' dir='ltr'>adiri.</span> <span class='ocrx_word' id='word_1_183' title='bbox 2322 2343 2506 2413; x_wconf 84' lang='lat' dir='ltr'>Cum</span> 
     </span>
     <span class='ocr_line' id='line_1_23' title="bbox 463 2434 2507 2537; baseline -0.002 -25"><span class='ocrx_word' id='word_1_184' title='bbox 463 2442 525 2537; x_wconf 85' lang='lat' dir='ltr'>ja</span> <span class='ocrx_word' id='word_1_185' title='bbox 537 2466 601 2513; x_wconf 92' lang='lat' dir='ltr'>m</span> <span class='ocrx_word' id='word_1_186' title='bbox 621 2466 733 2511; x_wconf 90' lang='lat' dir='ltr'>om</span> <span class='ocrx_word' id='word_1_187' title='bbox 741 2464 853 2511; x_wconf 89' lang='lat' dir='ltr'>nes</span> <span class='ocrx_word' id='word_1_188' title='bbox 868 2437 954 2510; x_wconf 88' lang='lat' dir='ltr'>dil</span> <span class='ocrx_word' id='word_1_189' title='bbox 964 2440 1293 2511; x_wconf 86' lang='lat' dir='ltr'>aberentur</span> <span class='ocrx_word' id='word_1_190' title='bbox 1310 2485 1333 2519; x_wconf 88' lang='lat'>,</span> <span class='ocrx_word' id='word_1_191' title='bbox 1378 2436 1484 2511; x_wconf 91' lang='lat' dir='ltr'>scu</span> <span class='ocrx_word' id='word_1_192' title='bbox 1501 2434 1634 2510; x_wconf 89' lang='lat' dir='ltr'>fato</span> <span class='ocrx_word' id='word_1_193' title='bbox 1654 2485 1676 2522; x_wconf 88' lang='lat'>‚</span> <span class='ocrx_word' id='word_1_194' title='bbox 1710 2434 1819 2510; x_wconf 90' lang='lat' dir='ltr'>seu</span> <span class='ocrx_word' id='word_1_195' title='bbox 1834 2434 2083 2511; x_wconf 89' lang='lat' dir='ltr'>fortuna</span> <span class='ocrx_word' id='word_1_196' title='bbox 2102 2493 2122 2521; x_wconf 94' lang='lat'>‚</span> <span class='ocrx_word' id='word_1_197' title='bbox 2145 2438 2507 2535; x_wconf 85' lang='lat' dir='ltr'>postremus</span> 
     </span>
     <span class='ocr_line' id='line_1_24' title="bbox 468 2535 2511 2624; baseline -0.003 -11"><span class='ocrx_word' id='word_1_198' title='bbox 468 2537 733 2620; x_wconf 81' lang='lat' dir='ltr'>exceffit</span> <span class='ocrx_word' id='word_1_199' title='bbox 771 2542 790 2574; x_wconf 89' lang='lat'><em>¹</em></span> <span class='ocrx_word' id='word_1_200' title='bbox 813 2540 909 2610; x_wconf 78' lang='lat' dir='ltr'>vir</span> <span class='ocrx_word' id='word_1_201' title='bbox 925 2537 1191 2611; x_wconf 88' lang='lat' dir='ltr'>censorii</span> <span class='ocrx_word' id='word_1_202' title='bbox 1214 2541 1419 2611; x_wconf 76' lang='lat' dir='ltr'>vultus</span> <span class='ocrx_word' id='word_1_203' title='bbox 1440 2587 1464 2624; x_wconf 90' lang='lat'>‚</span> <span class='ocrx_word' id='word_1_204' title='bbox 1489 2562 1601 2610; x_wconf 89' lang='lat' dir='ltr'>ore</span> <span class='ocrx_word' id='word_1_205' title='bbox 1619 2584 1642 2621; x_wconf 86' lang='lat'><strong>,</strong></span> <span class='ocrx_word' id='word_1_206' title='bbox 1681 2537 1913 2609; x_wconf 73' lang='lat' dir='ltr'>incessu</span> <span class='ocrx_word' id='word_1_207' title='bbox 1935 2585 1955 2619; x_wconf 91' lang='lat'><strong>‚</strong></span> <span class='ocrx_word' id='word_1_208' title='bbox 1975 2535 2287 2610; x_wconf 88' lang='lat' dir='ltr'>modestia</span> <span class='ocrx_word' id='word_1_209' title='bbox 2306 2540 2511 2609; x_wconf 72' lang='lat' dir='ltr'>Catot</span> 
     </span>
     <span class='ocr_line' id='line_1_25' title="bbox 470 2625 2513 2739; baseline -0.002 -27"><span class='ocrx_word' id='word_1_210' title='bbox 470 2646 695 2737; x_wconf 82' lang='lat' dir='ltr'>Qem</span> <span class='ocrx_word' id='word_1_211' title='bbox 729 2663 856 2739; x_wconf 86' lang='lat' dir='ltr'>ego</span> <span class='ocrx_word' id='word_1_212' title='bbox 896 2639 1158 2712; x_wconf 83' lang='lat' dir='ltr'>tandem</span> <span class='ocrx_word' id='word_1_213' title='bbox 1199 2638 1495 2710; x_wconf 85' lang='lat' dir='ltr'>audacior</span> <span class='ocrx_word' id='word_1_214' title='bbox 1509 2662 1655 2712; x_wconf 88' lang='lat' dir='ltr'>cum</span> <span class='ocrx_word' id='word_1_215' title='bbox 1676 2625 2083 2711; x_wconf 68' lang='lat' dir='ltr'>submiffioixe</span> <span class='ocrx_word' id='word_1_216' title='bbox 2099 2634 2397 2711; x_wconf 82' lang='lat' dir='ltr'>viliss&#39;ima</span> <span class='ocrx_word' id='word_1_217' title='bbox 2415 2633 2513 2707; x_wconf 88' lang='lat' dir='ltr'>sa-</span> 
     </span>
    </p>
   </div>
   <div class='ocr_carea' id='block_1_3' title="bbox 465 2731 2509 2904">
    <p class='ocr_par' dir='ltr' id='par_1_4' title="bbox 465 2731 2509 2904">
     <span class='ocr_line' id='line_1_26' title="bbox 465 2731 2509 2904; baseline 0 -19"><span class='ocrx_word' id='word_1_218' title='bbox 465 2828 548 2885; x_wconf 73' lang='lat' dir='ltr'>sue</span> <span class='ocrx_word' id='word_1_219' title='bbox 575 2833 767 2884; x_wconf 85' lang='lat' dir='ltr'>inanem</span> <span class='ocrx_word' id='word_1_220' title='bbox 794 2835 996 2902; x_wconf 69' lang='lat' dir='ltr'>gloriam</span> <span class='ocrx_word' id='word_1_221' title='bbox 1025 2832 1070 2886; x_wconf 88' lang='lat' dir='ltr'>se</span> <span class='ocrx_word' id='word_1_222' title='bbox 1097 2833 1316 2904; x_wconf 78' lang='lat' dir='ltr'>consequi</span> <span class='ocrx_word' id='word_1_223' title='bbox 1336 2850 1469 2903; x_wconf 82' lang='lat' dir='ltr'>pura·</span> <span class='ocrx_word' id='word_1_224' title='bbox 1526 2833 1751 2887; x_wconf 76' lang='lat' dir='ltr'>modestia</span> <span class='ocrx_word' id='word_1_225' title='bbox 1777 2836 1948 2888; x_wconf 65' lang='lat' dir='ltr'>ceteris</span> <span class='ocrx_word' id='word_1_226' title='bbox 1964 2848 1986 2892; x_wconf 65' lang='grc' dir='ltr'>ς</span> <span class='ocrx_word' id='word_1_227' title='bbox 2024 2832 2100 2886; x_wconf 81' lang='lat' dir='ltr'>sed</span> <span class='ocrx_word' id='word_1_228' title='bbox 2127 2731 2509 2886; x_wconf 51' lang='grc' dir='ltr'>αὶξειιιιῑῗιξίἒωῐῗιζ</span> 
     </span>
    </p>
   </div>
   <div class='ocr_carea' id='block_1_4' title="bbox 361 2901 2509 2970">
    <p class='ocr_par' dir='ltr' id='par_1_5' title="bbox 361 2901 2509 2970">
     <span class='ocr_line' id='line_1_27' title="bbox 361 2901 2509 2970; baseline 0.001 -19"><span class='ocrx_word' id='word_1_229' title='bbox 361 2919 366 2925; x_wconf 91' lang='grc'><em>·</em></span> <span class='ocrx_word' id='word_1_230' title='bbox 465 2915 658 2960; x_wconf 81' lang='lat' dir='ltr'>verunt,</span> <span class='ocrx_word' id='word_1_231' title='bbox 678 2902 836 2970; x_wconf 83' lang='lat' dir='ltr'>quales</span> <span class='ocrx_word' id='word_1_232' title='bbox 859 2902 982 2951; x_wconf 88' lang='lat' dir='ltr'>olim</span> <span class='ocrx_word' id='word_1_233' title='bbox 998 2901 1128 2953; x_wconf 82' lang='lat' dir='ltr'>fuere</span> <span class='ocrx_word' id='word_1_234' title='bbox 1145 2904 1468 2962; x_wconf 76' lang='lat' dir='ltr'>clazomenii,</span> <span class='ocrx_word' id='word_1_235' title='bbox 1522 2921 1678 2956; x_wconf 87' lang='lat' dir='ltr'>mores</span> <span class='ocrx_word' id='word_1_236' title='bbox 1711 2907 1935 2957; x_wconf 82' lang='lat' dir='ltr'>co’e&#39;roete.</span> <span class='ocrx_word' id='word_1_237' title='bbox 1974 2903 2174 2955; x_wconf 84' lang='lat' dir='ltr'>Catonis</span> <span class='ocrx_word' id='word_1_238' title='bbox 2191 2914 2347 2954; x_wconf 82' lang='lat' dir='ltr'>autem</span> <span class='ocrx_word' id='word_1_239' title='bbox 2373 2917 2509 2953; x_wconf 84' lang='lat' dir='ltr'>men-</span> 
     </span>
    </p>
   </div>
   <div class='ocr_carea' id='block_1_5' title="bbox 387 2964 2511 3862">
    <p class='ocr_par' dir='ltr' id='par_1_6' title="bbox 466 2964 2511 3381">
     <span class='ocr_line' id='line_1_28' title="bbox 467 2964 2510 3038; baseline 0 -18"><span class='ocrx_word' id='word_1_240' title='bbox 467 2964 559 3020; x_wconf 76' lang='lat' dir='ltr'>five</span> <span class='ocrx_word' id='word_1_241' title='bbox 592 2967 880 3020; x_wconf 73' lang='lat' dir='ltr'>Marathum.</span> <span class='ocrx_word' id='word_1_242' title='bbox 924 2968 1014 3019; x_wconf 78' lang='lat' dir='ltr'>Sed</span> <span class='ocrx_word' id='word_1_243' title='bbox 1047 2970 1097 3019; x_wconf 71' lang='grc' dir='ltr'>δι</span> <span class='ocrx_word' id='word_1_244' title='bbox 1133 2971 1293 3021; x_wconf 84' lang='lat' dir='ltr'>nostra</span> <span class='ocrx_word' id='word_1_245' title='bbox 1329 2986 1469 3022; x_wconf 80' lang='lat' dir='ltr'>aetate</span> <span class='ocrx_word' id='word_1_246' title='bbox 1520 2974 1703 3023; x_wconf 83' lang='lat' dir='ltr'>tionem</span> <span class='ocrx_word' id='word_1_247' title='bbox 1729 2971 1872 3035; x_wconf 78' lang='lat' dir='ltr'>facit,</span> <span class='ocrx_word' id='word_1_248' title='bbox 1917 2986 1977 3023; x_wconf 82' lang='lat' dir='ltr'>an</span> <span class='ocrx_word' id='word_1_249' title='bbox 2010 2969 2236 3023; x_wconf 82' lang='lat' dir='ltr'>Uticenfis</span> <span class='ocrx_word' id='word_1_250' title='bbox 2264 2970 2389 3020; x_wconf 81' lang='lat' dir='ltr'>illius</span> <span class='ocrx_word' id='word_1_251' title='bbox 2423 2971 2510 3038; x_wconf 82' lang='lat' dir='ltr'>qui</span> 
     </span>
     <span class='ocr_line' id='line_1_29' title="bbox 466 3037 2509 3107; baseline 0.001 -19"><span class='ocrx_word' id='word_1_252' title='bbox 466 3049 571 3090; x_wconf 80' lang='lat' dir='ltr'>non</span> <span class='ocrx_word' id='word_1_253' title='bbox 599 3037 760 3107; x_wconf 77' lang='lat' dir='ltr'>procul</span> <span class='ocrx_word' id='word_1_254' title='bbox 787 3037 819 3088; x_wconf 66' lang='lat' dir='ltr'>a</span> <span class='ocrx_word' id='word_1_255' title='bbox 847 3038 1008 3106; x_wconf 70' lang='lat' dir='ltr'>Belgio</span> <span class='ocrx_word' id='word_1_256' title='bbox 1034 3037 1249 3089; x_wconf 63' lang='lat' dir='ltr'>urbemn:</span> <span class='ocrx_word' id='word_1_257' title='bbox 1276 3038 1342 3089; x_wconf 81' lang='lat' dir='ltr'>est</span> <span class='ocrx_word' id='word_1_258' title='bbox 1371 3055 1467 3107; x_wconf 79' lang='lat' dir='ltr'>quae</span> <span class='ocrx_word' id='word_1_259' title='bbox 1518 3056 1631 3107; x_wconf 79' lang='lat' dir='ltr'>puer</span> <span class='ocrx_word' id='word_1_260' title='bbox 1643 3039 1789 3091; x_wconf 83' lang='lat' dir='ltr'>adbuc</span> <span class='ocrx_word' id='word_1_261' title='bbox 1800 3074 1822 3102; x_wconf 88' lang='lat'><em>,</em></span> <span class='ocrx_word' id='word_1_262' title='bbox 1849 3053 1902 3091; x_wconf 87' lang='lat' dir='ltr'>ut</span> <span class='ocrx_word' id='word_1_263' title='bbox 1914 3054 2066 3090; x_wconf 75' lang='lat' dir='ltr'>narrat</span> <span class='ocrx_word' id='word_1_264' title='bbox 2081 3039 2241 3091; x_wconf 78' lang='lat' dir='ltr'>Livius</span> <span class='ocrx_word' id='word_1_265' title='bbox 2258 3070 2274 3095; x_wconf 85' lang='lat'><strong>‚</strong></span> <span class='ocrx_word' id='word_1_266' title='bbox 2301 3041 2509 3107; x_wconf 78' lang='lat' dir='ltr'>Legatos</span> 
     </span>
     <span class='ocr_line' id='line_1_30' title="bbox 467 3106 2511 3177; baseline -0 -17"><span class='ocrx_word' id='word_1_267' title='bbox 467 3110 612 3177; x_wconf 77' lang='lat' dir='ltr'>vulgo</span> <span class='ocrx_word' id='word_1_268' title='bbox 626 3107 793 3157; x_wconf 81' lang='lat' dir='ltr'>dicitur</span> <span class='ocrx_word' id='word_1_269' title='bbox 807 3112 931 3158; x_wconf 76' lang='lat' dir='ltr'>Ham</span> <span class='ocrx_word' id='word_1_270' title='bbox 946 3139 962 3164; x_wconf 84' lang='lat'><em>,</em></span> <span class='ocrx_word' id='word_1_271' title='bbox 987 3106 1117 3166; x_wconf 78' lang='lat' dir='ltr'>cuius</span> <span class='ocrx_word' id='word_1_272' title='bbox 1132 3109 1257 3161; x_wconf 78' lang='lat' dir='ltr'>cives</span> <span class='ocrx_word' id='word_1_273' title='bbox 1274 3122 1375 3160; x_wconf 90' lang='lat' dir='ltr'>non</span> <span class='ocrx_word' id='word_1_274' title='bbox 1393 3124 1469 3159; x_wconf 84' lang='lat' dir='ltr'>ta-</span> <span class='ocrx_word' id='word_1_275' title='bbox 1519 3109 1579 3159; x_wconf 83' lang='lat' dir='ltr'>ad</span> <span class='ocrx_word' id='word_1_276' title='bbox 1592 3111 1864 3161; x_wconf 80' lang='lat' dir='ltr'>avunculum</span> <span class='ocrx_word' id='word_1_277' title='bbox 1880 3108 2224 3168; x_wconf 68' lang='lat' dir='ltr'>accedente-,ac</span> <span class='ocrx_word' id='word_1_278' title='bbox 2234 3107 2511 3174; x_wconf 70' lang='lat' dir='ltr'>depreeatu-</span> 
     </span>
     <span class='ocr_line' id='line_1_31' title="bbox 467 3173 2509 3246; baseline 0.002 -22"><span class='ocrx_word' id='word_1_279' title='bbox 467 3189 527 3226; x_wconf 78' lang='lat' dir='ltr'>ro</span> <span class='ocrx_word' id='word_1_280' title='bbox 543 3177 684 3227; x_wconf 87' lang='lat' dir='ltr'>talem</span> <span class='ocrx_word' id='word_1_281' title='bbox 701 3174 967 3226; x_wconf 77' lang='lat' dir='ltr'>fatuitatem</span> <span class='ocrx_word' id='word_1_282' title='bbox 979 3173 1205 3229; x_wconf 57' lang='lat' dir='ltr'>affectant</span> <span class='ocrx_word' id='word_1_283' title='bbox 1220 3209 1239 3236; x_wconf 91' lang='lat'>‚</span> <span class='ocrx_word' id='word_1_284' title='bbox 1254 3193 1399 3246; x_wconf 85' lang='lat' dir='ltr'>quam</span> <span class='ocrx_word' id='word_1_285' title='bbox 1416 3178 1468 3227; x_wconf 88' lang='lat' dir='ltr'>in</span> <span class='ocrx_word' id='word_1_286' title='bbox 1520 3193 1620 3228; x_wconf 88' lang='lat' dir='ltr'>rem</span> <span class='ocrx_word' id='word_1_287' title='bbox 1635 3193 1740 3229; x_wconf 85' lang='lat' dir='ltr'>cum</span> <span class='ocrx_word' id='word_1_288' title='bbox 1756 3193 1841 3244; x_wconf 82' lang='lat' dir='ltr'>pro</span> <span class='ocrx_word' id='word_1_289' title='bbox 1857 3174 1931 3229; x_wconf 85' lang='lat' dir='ltr'>sua</span> <span class='ocrx_word' id='word_1_290' title='bbox 1945 3178 2178 3244; x_wconf 80' lang='lat' dir='ltr'>legatione</span> <span class='ocrx_word' id='word_1_291' title='bbox 2192 3173 2509 3245; x_wconf 81' lang='lat' dir='ltr'>postulantem</span> 
     </span>
     <span class='ocr_line' id='line_1_32' title="bbox 467 3241 2510 3314; baseline 0.004 -21"><span class='ocrx_word' id='word_1_292' title='bbox 467 3242 872 3311; x_wconf 74' lang='lat' dir='ltr'>supremisgloriae</span> <span class='ocrx_word' id='word_1_293' title='bbox 892 3241 977 3296; x_wconf 75' lang='lat' dir='ltr'>suae</span> <span class='ocrx_word' id='word_1_294' title='bbox 995 3245 1144 3297; x_wconf 84' lang='lat' dir='ltr'>titulis</span> <span class='ocrx_word' id='word_1_295' title='bbox 1157 3260 1360 3314; x_wconf 79' lang='lat' dir='ltr'>ponunt,</span> <span class='ocrx_word' id='word_1_296' title='bbox 1376 3246 1467 3298; x_wconf 84' lang='lat' dir='ltr'>hoc</span> <span class='ocrx_word' id='word_1_297' title='bbox 1520 3250 1670 3300; x_wconf 84' lang='lat' dir='ltr'>torvis</span> <span class='ocrx_word' id='word_1_298' title='bbox 1704 3241 1877 3313; x_wconf 83' lang='lat' dir='ltr'>semper</span> <span class='ocrx_word' id='word_1_299' title='bbox 1910 3242 2175 3296; x_wconf 79' lang='lat' dir='ltr'>intuebatur</span> <span class='ocrx_word' id='word_1_300' title='bbox 2212 3241 2273 3294; x_wconf 81' lang='lat' dir='ltr'>as</span> <span class='ocrx_word' id='word_1_301' title='bbox 2319 3243 2510 3301; x_wconf 64' lang='lat' dir='ltr'>&amp;ibunt</span> 
     </span>
     <span class='ocr_line' id='line_1_33' title="bbox 468 3309 2508 3381; baseline 0.003 -19"><span class='ocrx_word' id='word_1_302' title='bbox 468 3309 582 3362; x_wconf 73' lang='lat' dir='ltr'>stne</span> <span class='ocrx_word' id='word_1_303' title='bbox 596 3313 738 3361; x_wconf 83' lang='lat' dir='ltr'>titulo</span> <span class='ocrx_word' id='word_1_304' title='bbox 754 3312 904 3378; x_wconf 82' lang='lat' dir='ltr'>digni.</span> <span class='ocrx_word' id='word_1_305' title='bbox 1376 3369 1394 3380; x_wconf 59' lang='lat'>.„</span> <span class='ocrx_word' id='word_1_306' title='bbox 1524 3326 1601 3368; x_wconf 75' lang='lat' dir='ltr'>Au</span> <span class='ocrx_word' id='word_1_307' title='bbox 1617 3320 1742 3366; x_wconf 81' lang='lat' dir='ltr'>Cato</span> <span class='ocrx_word' id='word_1_308' title='bbox 1762 3314 1947 3365; x_wconf 80' lang='lat' dir='ltr'>Porcius</span> <span class='ocrx_word' id='word_1_309' title='bbox 1964 3346 1979 3370; x_wconf 85' lang='lat'>,</span> <span class='ocrx_word' id='word_1_310' title='bbox 2009 3315 2082 3365; x_wconf 84' lang='lat' dir='ltr'>cui</span> <span class='ocrx_word' id='word_1_311' title='bbox 2096 3313 2252 3381; x_wconf 61' lang='lat' dir='ltr'>posta</span> <span class='ocrx_word' id='word_1_312' title='bbox 2309 3312 2508 3368; x_wconf 62' lang='lat' dir='ltr'>eculin:</span> 
     </span>
    </p>

    <p class='ocr_par' dir='ltr' id='par_1_7' title="bbox 387 3378 2507 3649">
     <span class='ocr_line' id='line_1_34' title="bbox 540 3378 2503 3451; baseline 0.005 -24"><span class='ocrx_word' id='word_1_313' title='bbox 540 3393 563 3427; x_wconf 77' lang='grc' dir='ltr'><strong>ι</strong></span> <span class='ocrx_word' id='word_1_314' title='bbox 624 3383 712 3428; x_wconf 77' lang='lat' dir='ltr'>Vn·</span> <span class='ocrx_word' id='word_1_315' title='bbox 737 3381 916 3444; x_wconf 75' lang='lat' dir='ltr'>censorii</span> <span class='ocrx_word' id='word_1_316' title='bbox 944 3383 1123 3443; x_wconf 57' lang='lat' dir='ltr'>«alm,</span> <span class='ocrx_word' id='word_1_317' title='bbox 1155 3400 1222 3432; x_wconf 77' lang='lat' dir='ltr'>m</span> <span class='ocrx_word' id='word_1_318' title='bbox 1240 3416 1256 3441; x_wconf 84' lang='lat'><em>,</em></span> <span class='ocrx_word' id='word_1_319' title='bbox 1291 3382 1463 3447; x_wconf 73' lang='lat' dir='ltr'>imeffn,</span> <span class='ocrx_word' id='word_1_320' title='bbox 1518 3386 1563 3434; x_wconf 86' lang='lat' dir='ltr'>di</span> <span class='ocrx_word' id='word_1_321' title='bbox 1599 3386 1743 3433; x_wconf 85' lang='lat' dir='ltr'>nitate</span> <span class='ocrx_word' id='word_1_322' title='bbox 1758 3378 1974 3433; x_wconf 82' lang='lat' dir='ltr'>Censorii</span> <span class='ocrx_word' id='word_1_323' title='bbox 2005 3396 2272 3451; x_wconf 77' lang='lat' dir='ltr'>cognomen</span> <span class='ocrx_word' id='word_1_324' title='bbox 2301 3384 2503 3436; x_wconf 82' lang='lat' dir='ltr'>inditum</span> 
     </span>
     <span class='ocr_line' id='line_1_35' title="bbox 468 3442 2503 3520; baseline 0.004 -23"><span class='ocrx_word' id='word_1_325' title='bbox 468 3442 673 3509; x_wconf 66' lang='lat' dir='ltr'>molestia</span> <span class='ocrx_word' id='word_1_326' title='bbox 688 3447 832 3509; x_wconf 55' lang='grc' dir='ltr'>σιω]</span> <span class='ocrx_word' id='word_1_327' title='bbox 871 3454 975 3499; x_wconf 81' lang='lat' dir='ltr'>Hoc</span> <span class='ocrx_word' id='word_1_328' title='bbox 988 3447 1052 3499; x_wconf 84' lang='lat' dir='ltr'>est</span> <span class='ocrx_word' id='word_1_329' title='bbox 1069 3450 1139 3502; x_wconf 81' lang='lat' dir='ltr'>vit</span> <span class='ocrx_word' id='word_1_330' title='bbox 1150 3449 1461 3518; x_wconf 79' lang='lat' dir='ltr'>gravissimus.</span> <span class='ocrx_word' id='word_1_331' title='bbox 1582 3488 1596 3510; x_wconf 91' lang='lat'>,</span> <span class='ocrx_word' id='word_1_332' title='bbox 1613 3465 1751 3520; x_wconf 87' lang='lat' dir='ltr'>quem</span> <span class='ocrx_word' id='word_1_333' title='bbox 1768 3449 1832 3499; x_wconf 91' lang='lat' dir='ltr'>ob</span> <span class='ocrx_word' id='word_1_334' title='bbox 1849 3465 2038 3501; x_wconf 87' lang='lat' dir='ltr'>morum</span> <span class='ocrx_word' id='word_1_335' title='bbox 2053 3454 2332 3518; x_wconf 79' lang='lat' dir='ltr'>gravitatem</span> <span class='ocrx_word' id='word_1_336' title='bbox 2356 3451 2503 3518; x_wconf 71' lang='lat' dir='ltr'>singu·</span> 
     </span>
     <span class='ocr_line' id='line_1_36' title="bbox 467 3513 2507 3590; baseline 0.007 -29"><span class='ocrx_word' id='word_1_337' title='bbox 467 3513 747 3579; x_wconf 67' lang='lat' dir='ltr'>Appellatus</span> <span class='ocrx_word' id='word_1_338' title='bbox 761 3515 830 3565; x_wconf 78' lang='lat' dir='ltr'>vit</span> <span class='ocrx_word' id='word_1_339' title='bbox 841 3520 993 3585; x_wconf 80' lang='lat' dir='ltr'>gravis</span> <span class='ocrx_word' id='word_1_340' title='bbox 1010 3549 1033 3578; x_wconf 85' lang='lat'>‚</span> <span class='ocrx_word' id='word_1_341' title='bbox 1072 3518 1221 3570; x_wconf 87' lang='lat' dir='ltr'>homo</span> <span class='ocrx_word' id='word_1_342' title='bbox 1234 3517 1398 3571; x_wconf 83' lang='lat' dir='ltr'>censor</span> <span class='ocrx_word' id='word_1_343' title='bbox 1412 3522 1465 3580; x_wconf 62' lang='grc' dir='ltr'>ἀ,</span> <span class='ocrx_word' id='word_1_344' title='bbox 1516 3524 1755 3585; x_wconf 84' lang='lat' dir='ltr'>laremque</span> <span class='ocrx_word' id='word_1_345' title='bbox 1785 3515 2008 3576; x_wconf 75' lang='lat' dir='ltr'>iustitiam</span> <span class='ocrx_word' id='word_1_346' title='bbox 2036 3522 2199 3590; x_wconf 69' lang='lat' dir='ltr'>Vix-gil.</span> <span class='ocrx_word' id='word_1_347' title='bbox 2213 3522 2261 3574; x_wconf 84' lang='lat'>6.</span> <span class='ocrx_word' id='word_1_348' title='bbox 2278 3522 2507 3575; x_wconf 61' lang='lat' dir='ltr'>mdo·</span> 
     </span>
     <span class='ocr_line' id='line_1_37' title="bbox 387 3583 2154 3649; baseline 0.006 -19"><span class='ocrx_word' id='word_1_349' title='bbox 387 3628 394 3635; x_wconf 84' lang='grc'><em>,</em></span> <span class='ocrx_word' id='word_1_350' title='bbox 470 3595 678 3648; x_wconf 76' lang='lat' dir='ltr'>patruus.</span> <span class='ocrx_word' id='word_1_351' title='bbox 695 3583 819 3633; x_wconf 88' lang='lat' dir='ltr'>unde</span> <span class='ocrx_word' id='word_1_352' title='bbox 834 3585 1025 3637; x_wconf 75' lang='lat' dir='ltr'>Persius:</span> <span class='ocrx_word' id='word_1_353' title='bbox 1517 3590 1775 3642; x_wconf 82' lang='lat' dir='ltr'>inferorum</span> <span class='ocrx_word' id='word_1_354' title='bbox 1790 3586 1994 3647; x_wconf 80' lang='lat' dir='ltr'>iudicem</span> <span class='ocrx_word' id='word_1_355' title='bbox 2006 3589 2121 3641; x_wconf 79' lang='lat' dir='ltr'>facit</span> <span class='ocrx_word' id='word_1_356' title='bbox 2133 3623 2154 3649; x_wconf 86' lang='lat'>‚</span> 
     </span>
    </p>

    <p class='ocr_par' dir='ltr' id='par_1_8' title="bbox 471 3653 2509 3862">
     <span class='ocr_line' id='line_1_38' title="bbox 542 3653 2509 3729; baseline 0.006 -31"><span class='ocrx_word' id='word_1_357' title='bbox 542 3656 647 3699; x_wconf 77' lang='lat' dir='ltr'>Cum</span> <span class='ocrx_word' id='word_1_358' title='bbox 659 3653 836 3719; x_wconf 70' lang='lat' dir='ltr'>sipisim</span> <span class='ocrx_word' id='word_1_359' title='bbox 859 3668 1046 3722; x_wconf 68' lang='lat' dir='ltr'>patruos.</span> <span class='ocrx_word' id='word_1_360' title='bbox 1585 3659 1842 3724; x_wconf 56' lang='lat' dir='ltr'>secretosque</span> <span class='ocrx_word' id='word_1_361' title='bbox 1857 3660 1955 3729; x_wconf 73' lang='lat' dir='ltr'>pios</span> <span class='ocrx_word' id='word_1_362' title='bbox 1969 3691 1985 3719; x_wconf 67' lang='lat'><em>2</em></span> <span class='ocrx_word' id='word_1_363' title='bbox 2015 3657 2264 3718; x_wconf 64' lang='lat' dir='ltr'>&amp;danem</span> <span class='ocrx_word' id='word_1_364' title='bbox 2286 3662 2391 3728; x_wconf 70' lang='lat' dir='ltr'>jum</span> <span class='ocrx_word' id='word_1_365' title='bbox 2420 3666 2509 3712; x_wconf 65' lang='lat' dir='ltr'>Cd-</span> 
     </span>
     <span class='ocr_line' id='line_1_39' title="bbox 471 3715 1830 3791; baseline 0.007 -22"><span class='ocrx_word' id='word_1_366' title='bbox 471 3717 563 3769; x_wconf 69' lang='lat' dir='ltr'>sed</span> <span class='ocrx_word' id='word_1_367' title='bbox 592 3720 639 3768; x_wconf 78' lang='grc' dir='ltr'>δι</span> <span class='ocrx_word' id='word_1_368' title='bbox 671 3719 776 3784; x_wconf 76' lang='lat' dir='ltr'>quis</span> <span class='ocrx_word' id='word_1_369' title='bbox 805 3720 975 3773; x_wconf 80' lang='lat' dir='ltr'>dicitur</span> <span class='ocrx_word' id='word_1_370' title='bbox 1002 3715 1211 3774; x_wconf 82' lang='lat' dir='ltr'>censoria</span> <span class='ocrx_word' id='word_1_371' title='bbox 1235 3722 1361 3791; x_wconf 78' lang='lat' dir='ltr'>virga</span> <span class='ocrx_word' id='word_1_372' title='bbox 1391 3721 1464 3774; x_wconf 86' lang='lat' dir='ltr'>di·</span> <span class='ocrx_word' id='word_1_373' title='bbox 1674 3740 1830 3778; x_wconf 62' lang='lat' dir='ltr'>unm.</span> 
     </span>
     <span class='ocr_line' id='line_1_40' title="bbox 472 3785 1470 3862; baseline 0.007 -24"><span class='ocrx_word' id='word_1_374' title='bbox 472 3801 591 3856; x_wconf 76' lang='lat' dir='ltr'>gnus</span> <span class='ocrx_word' id='word_1_375' title='bbox 609 3803 623 3837; x_wconf 72' lang='grc' dir='ltr'><strong>ε</strong></span> <span class='ocrx_word' id='word_1_376' title='bbox 652 3788 761 3856; x_wconf 81' lang='lat' dir='ltr'>quia</span> <span class='ocrx_word' id='word_1_377' title='bbox 773 3785 1017 3844; x_wconf 75' lang='lat' dir='ltr'>censorum</span> <span class='ocrx_word' id='word_1_378' title='bbox 1027 3807 1134 3845; x_wconf 87' lang='lat' dir='ltr'>non</span> <span class='ocrx_word' id='word_1_379' title='bbox 1146 3788 1296 3845; x_wconf 78' lang='lat' dir='ltr'>solum</span> <span class='ocrx_word' id='word_1_380' title='bbox 1309 3794 1470 3862; x_wconf 71' lang='lat' dir='ltr'>preire</span> 
     </span>
    </p>
   </div>
  </div>
 </body>
</html>
