2738 4475
533 216 622 316 38
738 262 741 267 -
1017 216 2088 312 Eut-frontusda-Yntcr

532 371 640 424 ces
674 345 954 447 aptavit:
1007 343 1156 417 inde
1190 365 1358 417 artus
1390 343 1559 415 inter
1591 339 1653 416 se
1673 344 1843 417 coire
1859 398 1879 426 ‚
1934 344 2220 443 colligari
2240 342 2555 430 membra.

533 445 900 527 visanmnia
918 445 1262 517 convenire
1282 489 1303 523 ‚
1338 467 1409 513 ac
1429 444 1711 543 ingentis
1731 442 1970 517 statutae
1988 443 2191 515 homo
2226 450 2242 481 ¹
2266 447 2437 516 velut
2476 472 2558 517 ex

534 547 773 620 Cadmi
790 544 1027 617 semine
1044 544 1357 639 procreari
1377 573 1400 634 3
1420 546 1529 642 qui
1547 541 1840 617 ferociter
1852 538 2066 615 ensem
2087 542 2375 642 quatiens
2391 592 2413 624 ,
2431 550 2558 619 'Tu

533 670 727 724 vero,
762 643 970 740 inquit
988 688 1009 722 ,
1045 637 1324 741 quisquis
1348 645 1413 713 in
1437 668 1643 719 meam
1660 644 2024 717 temerarius
2047 643 2316 715 domum
2335 644 2560 716 irrum-

532 748 631 844 pis
656 788 676 821 ,
714 742 811 813 eia
828 791 850 825 ,
889 765 1142 813 mecum
1158 741 1238 813 de
1254 741 1537 839 imperio
1553 743 1777 817 aedium
1798 763 1972 814 certa
1988 791 2012 826 ‚
2064 740 2180 813 nisi
2204 737 2373 814 forte
2389 743 2555 814 inul-

532 863 632 913 tus
673 842 899 914 cadere
939 843 1140 913 malis.
1202 845 1357 914 Nec
1385 843 1575 913 militi
1593 840 1922 915 confilium
1941 843 2009 912 in
2026 841 2221 913 tantis
2243 842 2557 915 monstris

525 958 648 1013 nec
679 942 936 1012 audacia
967 936 1191 1013 defuit.
1242 942 1411 1013 ultro
1448 941 1528 1012 ad
1566 962 2022 1038 provocantem
2058 938 2331 1010 advolat.
2391 947 2558 1016 Non

522 1039 808 1139 impetus
841 1062 910 1113 ut
927 1040 1347 1139 ptaecipitaret
1364 1060 1609 1115 temere
1624 1063 1856 1138 corpus
1873 1097 1894 1126 ,
1933 1065 2065 1113 non
2080 1040 2275 1110 timor
2289 1061 2356 1110 ut
2374 1036 2560 1114 foede

528 1162 783 1238 ageret,
830 1139 1187 1216 evincebat.
1242 1142 1585 1237 Tanquam
1618 1140 1688 1211 in
1725 1141 1936 1213 media
1969 1142 2109 1213 luce
2139 1138 2472 1211 dimicaret
2488 1140 2561 1212 in

526 1235 783 1311 hostem
805 1288 829 1323 ‚
865 1238 1068 1312 modo
1103 1238 1526 1335 promovebat
1554 1238 1816 1337 gradum
1842 1284 1865 1319 ,
1907 1241 2107 1311 modo
2126 1263 2270 1309 cum
2286 1236 2567 1312 artificio

525 1334 901 1410 succedebat
933 1340 1001 1411 in
1031 1339 1210 1413 latus.
1267 1334 1576 1414 Tandem
1596 1337 1918 1411 videbatur
1931 1334 2264 1436 respexilse
2285 1334 2563 1416 fortuna.-

525 1433 744 1510 ensem
763 1461 946 1536 paene
962 1436 1041 1512 ad
1059 1439 1351 1536 capulum
1371 1438 1539 1510 intra
1557 1464 1783 1537 corpus
1805 1437 2051 1513 inimici
2065 1435 2381 1512 condidit.
2427 1442 2566 1511 Ex-

532 1537 832 1634 pefiabat
868 1558 939 1611 ut
969 1561 1176 1610 rueret
1204 1539 1586 1612 ‘truculenta
1617 1539 1807 1613 molis
1826 1538 2050 1613 homo.
2100 1536 2228 1610 Sed
2244 1562 2365 1610 nec
2381 1562 2571 1610 cruor

528 1659 611 1707 ex
646 1638 908 1709 vulnere
940 1632 1316 1737 sequebatur
1332 1696 1353 1726 ,
1391 1650 1600 1738 neque
1632 1638 1989 1712 titubabant
2006 1634 2271 1737 vestigia
2295 1687 2319 1723 ,
2355 1661 2565 1753 neque

529 1737 756 1808 vulnus
776 1738 1120 1836 quicquam
1152 1762 1234 1810 ex
1254 1762 1523 1837 purpura
1538 1736 1927 1812 remittebat.
1985 1741 2150 1810 Haec
2172 1740 2449 1810 militem
2467 1762 2568 1808 tn-

524 1836 771 1908 cautius
804 1836 1226 1910 admirantem
1263 1835 1434 1911 ferro
1454 1837 1749 1909 inimicus
1767 1837 2063 1929 excepit,
2117 1858 2325 1929 neque
2342 1856 2561 1906 tamen

527 1933 779 2033 segnius
801 1936 1197 2034 depugnabat
1215 1937 1402 2007 miles
1422 1984 1446 2018 ‚
1484 1955 1587 2008 aut
1604 1933 1860 2030 aliquod
1882 1929 2033 2002 ferri
2051 1928 2248 2027 frigus
2267 1930 2336 1998 in
2355 1928 2559 2001 visce-

521 2033 695 2104 ribus
714 2032 1043 2103 sentiebat.
1061 2036 1231 2103 Cum
1253 2031 1487 2103 deinde
1502 2031 1836 2105 inimicum
1857 2050 2119 2127 uterque
2141 2028 2373 2124 pluries
2390 2053 2555 2101 con·

519 2126 779 2202 fodiffet
795 2184 814 2211 ‚
856 2126 1028 2199 horis
1049 2130 1184 2224 plus
1209 2130 1419 2199 minus
1435 2127 1668 2201 duabus
1680 2128 1924 2200 exactis
1945 2175 1969 2213 ‚
2007 2128 2178 2199 velut
2200 2126 2382 2224 ligno
2400 2125 2565 2199 dato

520 2226 594 2301 in
612 2251 681 2298 ca
730 2228 903 2298 ulum
920 2225 1295 2300 recumbunt
1318 2273 1343 2311 ‚
1379 2225 1667 2307 sudorem
1683 2225 1995 2301 exst-icant
2012 2273 2035 2308 ,
2057 2233 2122 2300 &
2144 2230 2315 2299 arete
2334 2252 2557 2301 mean·

518 2346 665 2398 tem·
678 2252 966 2425 &iritum
983 2347 1281 2425 tanquam
1300 2351 1414 2424 pet
1429 2325 1709 2399 inducias
1725 2327 2107 2400 extendunt.

622 2425 960 2498 Excitabat
977 2423 1245 2524 lychnos
1270 2427 1493 2500 militis
1510 2423 1716 2499 servus
1744 2457 1769 2518 3
1796 2450 2149 2526 pugnaque
2165 2446 2418 2524 paratus
2442 2473 2467 2510 ,
2503 2424 2552 2498 st

526 2523 829 2597 dominus
865 2523 1186 2600 cecidisset
1201 2580 1220 2608 ,
1261 2522 1593 2612 succedere
1626 2529 1840 2597 locum
1862 2575 1884 2609 ,
1925 2535 1990 2597 δι
2035 2549 2314 2598 mortem
2328 2526 2551 2596 ulcisci

518 2621 922 2719 destinabat3
957 2649 1104 2696 cum
1138 2623 1422 2697 Athletae
1440 2626 1722 2698 εόἱῐεᾶο
1741 2624 1886 2697 satis
1903 2625 2120 2724 spiritu
2138 2620 2382 2696 saeviori
2398 2625 2556 2698 odio

521 2720 871 2798 incurrunt.
928 2727 1123 2795 Miles
1146 2749 1310 2798 nunc
1327 2723 1648 2797 succidere
1667 2728 1983 2822 poplitem
2006 2723 2203 2797 hostis
2219 2769 2240 2804 ‚
2273 2749 2440 2795 nunc
2459 2726 2557 2795 vi·

518 2816 621 2891 sus
654 2818 894 2894 fetrum
930 2820 1293 2919 transegisse
1328 2849 1442 2919 per
1474 2825 1664 2894 latera
1682 2870 1703 2905 ‚
1740 2834 1806 2898 δι
1845 2823 1978 2920 ipse
2015 2821 2213 2895 modo
2233 2824 2545 2896 lacertum

520 2920 637 2992 fibi
653 2923 815 3020 eripi
833 2921 1165 3000 credebat,
1191 2923 1392 2993 modo
1409 2924 1726 2996 cervicem
1749 2922 2079 3005 decidere,
2132 2921 2330 2991 modo
2347 2941 2556 2991 trans-

519 3015 660 3091 fixo
677 3046 946 3119 corpore
963 3022 1330 3120 sanguinem
1352 3022 1663 3094 emicaret
1704 3048 1849 3095 cum
1869 3024 2032 3092 nulla
2054 3021 2311 3090 interim
2336 3022 2562 3092 vulne.

480 3193 491 3206 ⁴
514 3139 665 3193 tum
680 3120 943 3223 vestigia
955 3122 1228 3194 >libarent
1243 3123 1728 3220 integerrimum
1749 3146 1994 3222 corpus.
2050 3119 2175 3193 Sed
2192 3118 2398 3212 major
2415 3120 2561 3191 ani-

2432 3245 2553 3293 mo

1562 3387 1668 3439 bito
1688 3402 1793 3455 ager
1817 3384 2047 3439 inhorruit
2062 3419 2080 3446 ,
2111 3386 2163 3438 δι
2190 3382 2325 3455 spicis
2352 3383 2511 3438 ferreis
2533 3406 2554 3445 ς

1563 3452 1637 3507 sed
1651 3471 1746 3507 tarn
1761 3452 1911 3505 subito
1923 3458 2154 3521 procreati
2167 3457 2341 3507 milites
2365 3452 2409 3505 se
2437 3470 2547 3504 mu-

1558 3540 1689 3644 ssgseb
1680 3523 1917 3576 confecere
1946 3525 2247 3578 vulneribus:
2309 3529 2423 3577 Stat.
2441 3524 2551 3587 3.l·

598 3399 623 3437 ¹
663 3391 793 3438 nent
816 3406 873 3438 ex
901 3389 1229 3456 Cadmistnine
1248 3390 1509 3459 perard]

525 3449 679 3506 notus
696 3455 762 3507 est
776 3457 911 3523 lippis
929 3463 978 3508 δι
993 3458 1263 3512 tonsoribus
1273 3460 1507 3518 cadmus,

523 3521 577 3573 δι
593 3524 1026 3581 (Σειὼηωνὶᾶοιίι.
1060 3533 1224 3584 lecum
1239 3525 1507 3595 pervenisset

522 3590 574 3637 in
594 3595 826 3645 Boeotiam
849 3597 900 3650 δι
934 3600 1196 3646 Draconem
1226 3597 1366 3647 molit
1395 3611 1505 3662 pot·

519 3656 706 3712 tentos:
720 3660 1018 3715 interemiss‘et
1032 3697 1048 3721 ,
1082 3661 1263 3714 avulsos
1277 3667 1374 3724 eius
1389 3665 1502 3714 den·
1626 3660 1819 3713 crebri-r
1830 3663 1976 3716 Aonii
1998 3678 2126 3729 qum
2148 3678 2241 3718 cm
2264 3658 2320 3712 de
2330 3659 2548 3730 flengni-0

519 3740 591 3779 tes
620 3731 669 3778 in
697 3747 812 3799 agro
836 3729 1002 3782 insevit
1019 3764 1037 3790 ‚
1066 3733 1191 3782 unde
1205 3730 1358 3782 statim
1372 3747 1496 3781 cata·
1710 3726 1868 3779 Codani

513 3797 701 3865 phtasta
715 3816 881 3852 tnanus
896 3799 1076 3851 emersit
1089 3816 1106 3849 t
1137 3797 1414 3870 armatisque
1425 3798 1498 3851 su·
1622 3797 1772 3868 ‘JK-th
1786 3801 1911 3855 exuit
1922 3830 1946 3860 ,
1958 3804 2065 3855 (τε.

2326 3873 2351 3910 8
2383 3867 2523 3927 Supra

2685 3697 2694 4120 1
