2738 4475
903 288 957 362 P
1056 313 1104 361 Α
1209 312 1261 361 R
1363 314 1398 365 s
1516 293 1685 362 111.
2167 298 2301 389 301'

239 410 340 488 Et
380 409 647 512 quidem
684 408 754 484 in
786 404 1190 482 scientiarum
1230 434 1499 510 regnum
1542 405 1885 496 venturu&
1924 428 2154 479 omnes
2172 410 2307 480 illa·

244 537 389 584 rum
431 534 644 611 partes
682 510 959 610 impetus
993 509 1511 609 Acignianorum
1532 507 1777 581 invasit.
1835 507 1966 581 Sed
1987 508 2317 604 praecipua*
2408 553 2411 554 ν

239 609 650 711 ,Theologiae
689 616 764 686 δι,
806 607 1237 708 Philosophiae
1270 635 1418 682 cura
1436 603 1580 680 fuit.
1631 615 1768 684 Has
1789 629 1979 679 antea
1997 604 2111 676 sub
2133 628 2313 679 vete-

247 735 397 782 rum
418 712 712 783 codicum
735 708 1024 809 pondere
1043 711 1148 781 vix
1173 708 1481 806 spirantes
1503 758 1524 789 ,
1547 734 1710 781 nova
1726 706 1967 786 insania
1986 702 2312 778 scribendi

253 832 666 906 operuerunt.
715 809 1151 886 Humaniores
1193 830 1406 880 autem
1443 810 1657 879 literas
1682 857 1706 893 ‚
1737 809 1802 880 id
1825 806 1965 891 est,
1999 803 2311 879 amoenis-

249 905 481 981 simam
520 932 758 1007 partem
783 959 807 996 ,
839 918 906 983 &
951 908 993 980 fi
1017 906 1175 981 mihi
1194 908 1496 990 creditis,
1534 904 1926 979 utilissimam
1948 905 2310 990 Musarum,

251 1008 539 1081 nondum
581 1007 725 1082 satis
771 1011 1049 1082 delicate
1086 1005 1456 1080 habuerunt.
1518 1009 1826 1105 Vulgaris
1851 1061 1873 1090 ‚
1916 1014 1980 1079 &
2005 1028 2071 1076 ut
2091 1008 2181 1078 ita
2202 1006 2308 1078 di·-

238 1129 431 1188 cam,
473 1106 735 1205 profana
772 1109 1035 1181 licentia
1066 1101 1437 1179 facientium
1475 1130 1735 1179 carmen
1759 1157 1799 1193 ‚f
1821 1108 1887 1177 in
1920 1104 2155 1177 scholis
2195 1106 2302 1177 vel

232 1203 491 1281 miseris
524 1209 730 1281 scenis
751 1258 776 1294 ,
807 1206 1053 1281 suffecit
1092 1206 1445 1301 inexpertis
1468 1202 1973 1278 adolescentibus
1999 1252 2023 1285 ‚
2066 1213 2131 1278 δε
2154 1229 2301 1277 raro

234 1305 729 1408 Ludimagistro
761 1308 1161 1405 publicorum
1195 1305 1579 1400 judiciorum
1617 1306 1967 1403 periculum
1984 1301 2299 1378 fecerunt.

239 1409 261 1442 ¹
285 1409 561 1480 Vellem
603 1417 669 1480 &
696 1407 1000 1507 Crispum
1017 1404 1457 1504 Tragoediam
1481 1404 1816 1477 tenuissent
1836 1451 1860 1485 ‚
1906 1431 1991 1477 ne
2008 1401 2164 1475 scire
2185 1429 2303 1475 co·-

288 1529 587 1585 eremur‚
627 1517 740 1577 eo's
776 1533 909 1576 non
945 1503 1263 1576 infelicius
1303 1502 1573 1575 scribere
1590 1529 1779 1603 quam
1798 1502 2142 1604 agnoscere
2160 1529 2306 1576 ver-

233 1531 411 1674 sum.
469 1607 655 1675 Nam
679 1602 721 1672 fi
743 1605 887 1702 quis
907 1603 1058 1674 ideo
1075 1600 1475 1675 dofflffimos
1495 1625 1672 1700 putat
1694 1659 1717 1687 ,
1740 1607 1890 1702 quia
1910 1605 2128 1676 rudem
2152 1627 2306 1700 pue·

243 1701 470 1771 titiam
509 1700 586 1770 ad
606 1703 821 1773 literas
837 1697 1222 1786 informant,
1267 1701 1545 1801 peffimo
1564 1702 1806 1794 judicio
1821 1704 1889 1774 in
1928 1700 2177 1775 infinita
2218 1703 2311 1773 rei

244 1800 499 1897 exiguae
524 1798 947 1873 aestimatione
965 1803 1193 1901 caligat
1209 1850 1233 1886 ,
1267 1803 1444 1900 quod
1463 1824 1565 1873 aut
1581 1800 1921 1873 mirificam
1943 1794 2312 1873 industriim

237 1897 707 1998 magistrorum
744 1901 952 1973 credit
983 1901 1057 1972 ad
1093 1901 1314 1998 primae
1355 1901 1667 1974 doffrinae
1689 1901 1868 1970 initia
1890 1902 2168 2000 requiri,
2206 1921 2313 1971 aut

231 1994 329 2068 ab
369 1999 753 2097 Acignianis
792 2002 1200 2093 juventutem
1235 1999 1511 2098 perfici,
1556 2002 1658 2072 cui
1697 1994 1866 2072 forte
1888 1999 1965 2072 ad
1985 2000 2310 2072 decimum

232 2092 494 2168 sextum
533 2123 769 2170 annum
808 2122 885 2170 ea
902 2096 1102 2170 studia
1122 2102 1342 2196 procul
1364 2097 1714 2171 ostendunt
1734 2150 1758 2186 ,
1798 2100 1888 2186 xad
1908 2125 2049 2198 quae
2073 2101 2177 2170 vix
2198 2123 2312 2168 cu·-

235 2195 425 2271 1iosae
462 2200 614 2272 vitae
649 2194 979 2271 maturitas
1017 2200 1368 2300 pertinget.
1423 2202 1513 2273 Et
1547 2199 1810 2297 quidem
1855 2197 1938 2271 de
1957 2223 2040 2271 eo
2059 2222 2301 2299 genere

243 2296 566 2370 literarum
594 2296 931 2398 plerosque
947 2297 1170 2371 afferre
1188 2297 1363 2372 suam
1387 2297 1764 2372 sententiam
1785 2324 1918 2370 non
1941 2295 2079 2371 fero
2098 2346 2120 2380 ‚
2158 2299 2307 2397 qui-

245 2392 363 2467 bus
395 2423 716 2496 nunquam
753 2423 921 2471 verae
958 2400 1350 2498 eloquentia:
1392 2399 1612 2498 imago
1646 2397 1727 2469 de
1748 2397 1838 2469 sui
1859 2420 1961 2470 aut
1984 2400 2299 2470 alieniin-

247 2497 430 2592 genii
453 2496 1024 2591 speculoilluxerit.
1074 2497 1835 2584 Summam&eruditam
1854 2497 2300 2595 eloquentiam
2346 2534 2352 2539 ·

254 2593 455 2671 dico,
501 2618 646 2689 quae
702 2597 948 2666 caeteris
1007 2598 1316 2670 comitata
1356 2595 1640 2668 scientiis
1673 2593 2019 2666 offenditur
2053 2592 2302 2691 ineptia
2402 2649 2407 2653 ·

255 2686 619 2761 scholarum
644 2741 667 2776 ‚
705 2716 917 2789 neque
955 2689 1017 2764 se
1051 2695 1337 2797 indulget
1355 2697 1640 2797 ingeniis
1662 2696 1825 2764 intra
1841 2713 2127 2765 veterum
2148 2693 2305 2763 imi..
2380 2774 2382 2776 V

258 2787 578 2860 tationem
613 2790 907 2872 inclusis,
952 2817 1091 2891 quae
1128 2792 1256 2867 suas
1291 2820 1503 2894 partes
1524 2795 1592 2865 in
1614 2792 1775 2890 stylo
1793 2790 2034 2892 sperare
2056 2813 2164 2864 aut
2179 2792 2300 2864 du-

256 2911 407 2960 cere
435 2914 568 2959 non
604 2889 857 2962 audent.
943 2896 1117 2965 Tam
1159 2895 1433 2969 venustae
1472 2903 1540 2969 δι
1579 2894 1827 2969 difficili
1866 2891 2144 2967 scientiar
2183 2895 2293 2965 vix

248 2988 532 3085 aliquem
569 2988 828 3088 singulis
872 2992 1159 3064 aetatibus
1195 2995 1498 3067 idoneum
1536 2996 1796 3093 reperiri
1814 3018 1947 3065 non
1969 2994 2099 3064 {ine
2122 2993 2293 3061 illius

250 3083 489 3187 fastigii
506 3088 927 3163 admiratione
946 3092 1237 3165 videmus
1257 3150 1274 3177 ,
1318 3120 1463 3165 cum
1487 3092 1632 3165 huic
1652 3118 1849 3166 nemo
1866 3087 2156 3167 nascatur
2174 3088 2301 3167 nili

251 3211 522 3259 amoeno
558 3190 835 3286 primum
858 3186 1298 3294 foe'cuncloque
1317 3195 1583 3294 ingenio
1604 3239 1627 3272 ,
1668 3190 1901 3261 deinde
1928 3188 2127 3258 solida
2145 3212 2294 3284 pru-

246 3284 470 3358 dentia
506 3290 583 3359 ad
618 3290 837 3362 civiles
878 3289 1040 3362 astus
1076 3293 1391 3372 idoneus,
1432 3301 1499 3364 &
1540 3293 1643 3362 cui
1683 3285 2292 3387 patientialaborum

2167 3412 2287 3459 nec

311 3538 335 3572 r
388 3516 563 3568 VeBem
590 3523 656 3573 (9·
683 3519 873 3585 crispa·
899 3517 1155 3588 tragedia·
1178 3530 1246 3566 ee-
1303 3514 1516 3583 ingratils
1534 3551 1551 3574 ,
1571 3517 1621 3565 δε
1637 3509 1852 3563 damnati
1881 3502 2022 3562 instar
2048 3512 2301 3583 Hippolyti

243 3586 476 3658 nmina]
495 3584 708 3643 Hocest,
725 3589 774 3636 in
790 3590 944 3637 lucem
962 3602 1060 3635 non
1075 3582 1243 3635 edidis·
1301 3585 1328 3635 ὲ
1358 3583 1558 3636 Pboedra
1587 3594 1787 3633 noverca
1814 3580 1935 3645 apud
1968 3595 2145 3647 patrem
2186 3580 2294 3633 infi·
2336 3586 2342 3595 '

243 3658 362 3710 sent.
411 3655 506 3705 Etsi
537 3656 672 3704 variae
704 3654 797 3705 fint
825 3654 886 3703 de
901 3670 952 3703 ω
968 3654 1244 3720 opiniones,
1304 3653 1489 3702 mulati:
1505 3648 1766 3703 elucubrata
1779 3647 1843 3697 est
1857 3648 1885 3697 a
1900 3653 2183 3702 Ber-nardino
2198 3654 2298 3714 Ste-

237 3737 570 3797 argumentum
599 3724 730 3774 illius
757 3736 856 3773 erar
897 3738 1029 3771 mors
1067 3718 1248 3771 firnessa
1336 3720 1484 3772 honio
1501 3743 1519 3779 ς
1551 3720 1656 3770 aaa
1681 3733 1795 3769 vero
1834 3715 1962 3771 feriis
1978 3718 2309 3773 antecinenali-

231 3799 352 3849 Iulii
376 3791 519 3845 Flavii
534 3789 680 3842 cristi
696 3794 892 3841 tertium
907 3785 1023 3839 Cos.
1040 3787 1067 3838 a
1080 3803 1248 3837 nover—
1338 3805 1393 3842 us
1425 3808 1459 3839 ιι
1475 3808 1503 3839 o
1523 3807 1552 3839 x
1574 3805 1603 3838 c
1623 3803 1722 3838 vu.

237 3882 297 3920 ca
305 3861 477 3921 frustm
490 3857 734 3914 sollicitati
749 3894 764 3921 ,
783 3859 836 3909 ec
850 3857 1045 3910 tandem
1057 3844 1252 3907 accusari

2096 3937 2116 3969 1
2153 3914 2320 3966 crs-f·
