2738 4475
889 258 1595 331 PARsV.
2114 257 2250 328 601

210 381 307 448 fit,
320 399 433 459 quo
447 377 656 456 impetu
674 392 880 438 cavatas
900 379 1171 456 prioribus
1188 382 1603 460 ungulis-undas
1634 376 1861 455 fregerit
1876 416 1892 441 ,
1919 393 2089 452 quam
2112 378 2257 435 mol·

220 459 346 517 liter
362 479 518 518 crura
537 461 597 517 in
614 458 932 516 ulteriorem
952 460 1130 535 ripam
1151 460 1466 535 reposuerit.
1518 463 1590 516 At
1610 458 1967 533 posteaquam
1988 456 2057 511 de
2081 456 2259 513 flueti-

220 536 324 594 bus
338 539 538 596 extulit
556 536 607 593 se
621 535 755 613 pene
771 536 836 593 ad
854 553 1046 593 necem
1069 535 1327 596 laceratus
1341 536 1618 613 unguibus
1634 532 1756 599 ιιι-5,
1782 534 1931 610 (qui,
1952 552 2022 589 ne
2036 534 2261 592 arietem

113 669 128 680 ,
217 610 379 673 suum
397 620 541 673 inter
560 615 726 672 undas
742 633 912 671 novus
935 614 1190 689 Phryxus
1204 614 1466 674 desereret
1487 653 1504 678 ‚
1528 612 1761 671 fortibus
1793 613 1951 669 uncis
1964 609 2259 669 adhaeserat

215 693 348 755 afini
366 699 546 771 tergo)
597 693 817 750 vulnera
848 692 1197 752 fortunarum
1230 692 1546 771 ingentium
1578 692 1885 769 praenuntia
1916 690 2260 746 existimans·

219 771 363 829 nihil
400 772 468 829 de
501 771 700 829 saevitia
730 767 935 828 sessoris
962 774 1289 848 conquestus
1302 813 1319 838 ‚
1351 790 1422 829 ne
1441 770 1574 828 alter
1589 769 1942 845 exprobraret
1958 769 2263 845 ignaviam,

220 846 444 908 fortiter
458 849 603 908 casus
615 848 738 907 suos
755 848 1025 907 toleravit.

301 931 457 985 Inter
492 929 604 986 haec
639 925 770 985 ausis
787 928 1012 985 ulterius
1028 924 1284 1004 progredi
1308 927 1503 984 omnia
1516 945 1583 983 ex
1598 923 1693 1003 spe
1709 924 2041 1001 proveniunt
2061 950 2079 992 3
2120 943 2273 1003 agre·

222 1008 323 1064 stes
360 1007 730 1084 oppidanique
757 1005 975 1063 desertis
1006 1004 1156 1062 velut
1196 1006 1256 1062 in
1273 1003 1568 1063 solitudine
1583 1003 1790 1063 aedibus
1807 1043 1825 1068 ‚
1854 1004 2081 1060 intentis
2094 1004 2160 1060 ad
2177 1004 2273 1063 lae-

227 1101 351 1142 tum
372 1083 738 1162 speetaculum
756 1086 954 1142 animis
971 1124 998 1149 „
1023 1083 1187 1141 variis
1214 1082 1540 1141 muneribus
1568 1095 1796 1139 onerant
1830 1080 2112 1159 urfigeruli
2139 1082 2267 1140 dor-

232 1161 373 1228 sum,
385 1165 554 1241 gratis
569 1163 716 1222 alino
732 1161 1061 1240 ponderibus
1075 1199 1093 1223 ,
1127 1164 1227 1239 qui
1259 1162 1327 1221 ad
1361 1160 1699 1221 miraculum
1733 1159 1891 1218 simul
1908 1159 2190 1218 incedebat
2212 1166 2272 1220 δε
2295 1219 2301 1228 ,

230 1240 564 1300 thesaurum.
2289 1260 2306 1271 ⁹

303 1321 390 1378 Ad
410 1321 577 1379 istum
595 1318 833 1392 modum
846 1319 878 1379 a
895 1318 1118 1399 singulis
1129 1318 1339 1396 aliquid
1356 1318 1709 1377 corradentes
1721 1310 2111 1377 Eleutheriam‚
2131 1337 2269 1376 mox

220 1397 391 1455 Ilium
413 1401 780 1474 perveniunt,
798 1399 895 1456 ubi
910 1398 1145 1477 largiore
1200 1399 1368 1454 uaestu
1381 1397 1622 1473 gravati,
1656 1399 1709 1456 &
1728 1394 2264 1453 foecundaaccretio-

129 1531 132 1532 γ
218 1494 290 1534 ne
307 1475 418 1534 laeti
435 1517 451 1541 ,
481 1477 737 1553 pinigero
763 1474 1060 1534 diversorio
1079 1475 1133 1532 se
1150 1416 1346 1550 s‘tliaque
1363 1475 1515 1532 bona
1529 1472 1947 1531 commiserunt.
2009 1476 2087 1530 Ut
2107 1475 2274 1531 intel·

213 1553 363 1612 lexit
374 1551 690 1612 stabularius
705 1551 921 1610 causam
938 1572 1062 1629 quae
1077 1566 1380 1632 utrumque
1399 1552 1464 1611 ad
1483 1550 1869 1626 ampliffimam
1892 1550 2087 1609 urbem
2106 1572 2269 1610 voca·

221 1643 375 1764 {erat
394 1669 410 1693 ‚
444 1631 742 1689 delefiatus
758 1648 1031 1690 novorum
1053 1629 1337 1708 hospitum
1352 1630 1725 1690 ‘contubernio
1749 1630 1811 1688 in
1825 1629 1942 1706 haec
1959 1648 2129 1707 prope
2151 1650 2271 1708 ver7

267 1727 404 1766 acoe
444 1709 504 1765 it.

313 1726 639 1844 Nogiffimis
668 1785 1009 1864 temporibus
1044 1788 1269 1867 quando
1286 1788 1563 1866 Protagon
1582 1805 1677 1864 per
1692 1786 2090 1844 mortalitatem
2112 1804 2269 1843 com·

227 1863 482 1929 meabat,
516 1864 733 1939 patebat
749 1866 808 1922 in
827 1865 1061 1924 honores
1080 1866 1417 1925 merentibus
1432 1870 1549 1924 via:
1592 1884 1720 1923 nam
1738 1869 1795 1924 ὅτ.
1832 1863 2157 1922 Doromisus
2187 1884 2275 1922 ar-

218 1957 305 2000 tes
321 1943 539 2002 amabat
557 1984 573 2006 ‚
604 1945 660 2002 &
689 1943 1049 2002 similitudine
1066 1964 1295 2002 morum
1313 1945 1614 2023 Protagoni
1635 1959 1819 2020 gratus
1836 1943 2072 2001 malebat
2094 1961 2278 2001 emere

216 2021 457 2097 ingenia
473 2039 644 2097 quam
662 2040 908 2097 corpora.
967 2027 1039 2079 At
1072 2023 1238 2081 hodie
1269 2026 1364 2099 qui
1402 2035 1592 2102 regnat
1624 2024 1852 2097 Geryon
1870 2058 1886 2082 .
1918 2020 2079 2078 fimul
2108 2036 2275 2099 atque

217 2096 472 2175 praefecit
490 2099 680 2156 aerario
698 2118 813 2156 non
835 2098 931 2157 suo
947 2101 1244 2158 Tasticium
1263 2140 1279 2166 ‚
1313 2102 1554 2159 ostendit
1585 2099 1816 2158 noluisse
1852 2101 2132 2158 Virtutem
2160 2099 2279 2159 auri

223 2178 492 2255 gravitate
507 2179 721 2235 onerari
740 2217 757 2243 ,
798 2193 893 2236 aut
923 2178 1205 2257 inquinari
1237 2178 1489 2237 sordibus
1522 2177 1667 2235 male
1697 2177 1992 2235 cumulatae
2012 2179 2278 2254 pecuniae,

233 2274 358 2332 quae
375 2257 631 2315 homines
645 2254 921 2323 scarabaeis
935 2255 1136 2315 fimiles
1153 2257 1285 2317 facit
1304 2297 1321 2323 ,
1337 2276 1480 2335 quos
1499 2255 1618 2313 fimi
1634 2256 1878 2333 gustatus
1901 2257 2073 2314 vitiat.
2130 2256 2281 2332 Qi-

225 2351 448 2410 cunque
463 2335 633 2412 igitur
647 2334 713 2392 ad
729 2335 948 2393 summa
964 2351 1091 2395 vota
1106 2351 1433 2413 properant.
1477 2348 1541 2392 ut
1572 2335 1715 2391 inter
1743 2334 1985 2392 cultores
2020 2335 2277 2392 Fortunae

229 2413 514 2486 reperiant,
535 2413 723 2469 locum
744 2450 761 2476 ‚
796 2412 863 2470 ad
896 2413 1029 2472 illud
1047 2431 1267 2473 tantum
1285 2415 1527 2472 studium
1545 2411 1656 2470 sese
1671 2413 1944 2488 applicant
1958 2424 2022 2470 ut
2037 2411 2275 2470 sentian-

229 2502 324 2547 tur
338 2488 389 2546 se
407 2490 548 2547 nihil
563 2487 663 2548 scir
672 2509 719 2546 e.
763 2493 886 2547 Hoc
901 2505 1274 2567 praeceptores,
1295 2492 1402 2551 hoc
1419 2505 1665 2570 parentes
1682 2488 1880 2547 liberos
1893 2491 2093 2547 docent
2118 2515 2135 2557 3
2163 2493 2217 2548 δι
2235 2487 2280 2545 fi

235 2568 461 2645 quando
479 2568 804 2645 ignorantiae
825 2566 1022 2626 fortior
1042 2585 1233 2628 natura
1244 2568 1517 2648 repugnat
1533 2610 1550 2635 ,
1580 2568 1699 2624 otio
1731 2571 1787 2627 &
1826 2569 2164 2644 praematuris
2179 2585 2279 2623 vo·

239 2643 548 2720 luptatibus
561 2643 826 2721 sepeliunt
839 2646 1084 2705 incautos
1103 2688 1119 2713 ,
1148 2652 1204 2706 ὃ(
1234 2667 1467 2726 magnos
1493 2647 1714 2724 spiritus
1739 2665 1836 2722 per
1853 2640 1907 2711 sc
1923 2645 1987 2704 ad
2001 2644 2285 2705 aeternita·

238 2737 358 2780 tem
376 2720 707 2855 ass‘urFentes
723 2722 959 2781 instabili
978 2725 1297 2784 divitiarum
1320 2727 1540 2806 fulgore
1557 2722 1902 2800 praecludunt
1920 2744 1938 2787 3
1963 2723 2282 2781 existiman-

241 2813 323 2856 tes
341 2799 399 2856 in
416 2817 483 2855 eo
526 2819 780 2859 ummam
799 2801 1058 2861 doctrinae
1073 2803 1353 2866 consistere
1375 2845 1392 2871 ,
1408 2805 1504 2863 ubi
1522 2802 2135 2880 elementariusjuvenis
2158 2796 2287 2858 infi-

241 2876 352 2936 deli
380 2876 588 2957 lectura
622 2879 825 2938 litteras
856 2880 914 2936 in
938 2877 1163 2955 syllabas
1178 2920 1197 2948 ‚
1239 2880 1461 2958 syllabas
1489 2884 1545 2941 in
1576 2882 1736 2940 verba
1769 2895 2120 2959 coagmentat
2136 2919 2153 2946 ‚
2194 2892 2292 2937 aut

236 2954 548 3033 componit.
615 2959 715 3016 His
733 2959 831 3017 stat
848 2959 906 3015 in
928 2956 1126 3041 templi
1142 2958 1223 3017 sui
1240 2960 1437 3021 limine
1459 2961 1686 3020 felicitas
1704 3000 1719 3025 .
1749 2962 1803 3021 &
1820 2961 1964 3018 ultra
1979 2959 2295 3017 blandiente

233 3032 378 3094 nutu
393 3036 455 3093 in
474 3034 733 3094 osculum
749 3038 980 3115 ignavos
992 3039 1193 3113 pariter
1225 3039 1522 3100 &stolidos
1553 3039 1801 3116 applicat.
1862 3037 2115 3114 Plerique
2145 3038 2294 3094 inter

233 3115 494 3172 mortales
528 3114 752 3188 diversis,
773 3114 1022 3173 aetatibus
1039 3131 1163 3175 ante
1187 3117 1333 3177 fores
1347 3117 1550 3196 templi
1567 3120 1819 3175 Fortunae
1838 3114 2071 3173 liberalis
2088 3133 2288 3191 praece-

238 3205 336 3268 pta
353 3191 557 3251 chartis
570 3193 835 3253 mandant
851 3233 868 3258 ‚
901 3191 1250 3273 serviuntque
1270 3197 1450 3255 bestiis
1468 3237 1484 3262 ,
1497 3195 1698 3272 quibus
1712 3213 1812 3270 pro
1827 3192 2085 3250 manibus
2102 3191 2284 3269 pedes,

241 3287 350 3361 pro
366 3267 418 3325 di
464 3270 552 3328 ‘tis
567 3270 774 3329 obtusae
788 3270 1012 3349 ungulae
1030 3272 1245 3331 dudum
1261 3274 1442 3333 fecere
1457 3288 1519 3332 ut
1534 3272 1766 3330 scribere
1798 3269 2082 3329 nescirent.
2141 3272 2299 3329 Nam¹

240 3368 304 3404 in
338 3346 424 3402 col
453 3349 643 3424 egium
678 3348 1017 3408 lacerdotum
1055 3352 1156 3427 qui
1185 3351 1319 3411 dant
1345 3370 1571 3428 operam
1603 3348 1760 3409 sacris
1777 3344 2128 3408 inconstantis
2143 3350 2294 3409 Deae,

240 3424 391 3482 muli
411 3439 651 3491 tanturn,
679 3426 829 3491 alini,
847 3430 997 3505 equi,
1017 3432 1072 3487 δι
1088 3428 1254 3489 boves
1273 3429 1613 3489 ascribuntur
1633 3453 1647 3487 z
1689 3430 1827 3487 feras
1843 3429 2051 3507 quippe
2068 3446 2182 3486 non
2198 3447 2293 3504 pa·

238 3502 466 3560 tiuntur
486 3518 600 3560 tam
624 3502 905 3563 mansueta
918 3506 1190 3570 animalia,
1210 3507 1296 3566 sed
1315 3528 1401 3568 eas
1416 3509 1481 3567 ad
1502 3508 1721 3565 bellicas
1759 3504 2050 3586 dignitates
2066 3505 2302 3569 servant,

239 3587 299 3643 δε
317 3582 704 3672 ‚supervacuos
734 3582 969 3661 bpnores
1003 3580 1056 3640 su
1065 3603 1160 3661 pra
1192 3581 1483 3645 summum
1517 3604 1648 3643 cum
1679 3585 1939 3644 sideribus
1952 3585 2297 3644 elementum

245 3674 544 3717 micantes.
817 3714 824 3719 ,

331 3738 441 3793 Pro
462 3740 705 3796 Fortuna
721 3740 781 3798 in
798 3737 1133 3801 sublimitate
1146 3763 1250 3801 arae
1271 3743 1368 3799 stat
1389 3742 1698 3800 monstrum
1721 3742 1955 3802 ferocius
1975 3745 2152 3821 AEgco
2170 3783 2187 3807 2
2205 3733 2307 3817 qini

236 3830 471 3877 centum
521 3816 732 3876 entibus
779 3820 1090 3893 minabatur
1117 3823 1245 3900 Jovi
1276 3821 1669 3952 cumPTitanes
1710 3821 2025 3901 affeetarent
2067 3820 2302 3951 coelffn'·

1023 3910 1029 3915 ·
1458 3916 1495 3974 p
1534 3917 1574 3973 5
2222 3915 2313 3954 uic
