2738 4475
419 265 587 349 474
907 242 1423 315 Eunaeum.
1494 237 2001 305 San-vute!

431 372 605 469 phos
623 358 950 438 Saracenis
973 354 1329 454 Tur-cisque
1350 350 1799 426 conceffimus.
1819 346 2200 425 Tristiffimi
2211 349 2487 451 quidem

437 460 744 554 hicasus3
778 456 883 530 sed
901 459 1160 528 illorum
1181 457 1411 553 ingens
1447 450 1784 533 solatium,
1834 449 2031 523 nobis
2069 449 2269 522 adhue
2302 450 2478 522 vires

438 564 566 642 effe
586 557 866 635 eruendo
884 557 983 629 illi
1000 554 1409 626 barbarorum
1431 552 1760 651 Imperi03
1809 575 1884 622 ac
1917 576 2003 624 ne
2031 550 2292 650 quidem
2311 574 2479 620 con-

431 665 817 765 jurationem
850 653 1212 729 nostrorum
1250 653 1624 750 Principum
1645 651 1713 722 in
1728 649 1853 722 boc
1870 654 2111 751 quatri:
2162 652 2367 749 plures
2390 675 2479 720 ex

434 768 566 843 illis
585 758 710 834 effe
731 805 754 841 ‚
794 757 902 856 qui
919 751 1037 826 soli
1057 753 1206 825 huic
1228 753 1514 826 vietoriae
1531 748 1818 825 sufficere
1833 748 2097 849 poffint.
2175 753 2343 823 Non
2372 749 2478 820 in·-

434 886 709 942 numem
724 857 1008 931 exercitu
1026 878 1187 950 opus
1207 851 1451 935 est,nec
1472 853 1631 923 velis
1648 846 2027 923 immensum
2047 873 2228 921 mare
2252 871 2485 949 tegen-
2505 899 2513 914 .

433 965 633 1038 tibus.
690 960 819 1032 vir
831 953 1096 1054 infignis
1116 952 1335 1046 judicii
1351 951 1677 1051 animique
1693 996 1716 1028 ‚
1737 957 1802 1023 δι
1821 952 1949 1043 jam
1968 946 2362 1045 longiffimo
2377 942 2490 1019 usu

433 1087 647 1141 rerum
664 1058 1088 1132 Turcicatum
1106 1053 1377 1150 peritus,
1394 1047 1504 1121 suo
1520 1052 1695 1149 Regi
1713 1047 2017 1148 spondere
2030 1073 2165 1118 non
2182 1046 2473 1129 dubitat,

435 1166 488 1238 fi
507 1162 623 1236 fibi
640 1157 846 1232 claffis
865 1153 1050 1225 detur
1067 1196 1090 1233 ‚
1123 1152 1391 1251 triginta
1410 1151 1681 1222 millium
1699 1151 1978 1221 exercitu
1995 1141 2339 1243 impolito,
2400 1147 2474 1216 in

434 1261 767 1339 biennium
788 1252 1104 1352 stipendia
1121 1298 1144 1332 ‚
1179 1252 1249 1321 in
1267 1274 1503 1322 annum
1521 1271 1921 1321 commeatus
1936 1304 1957 1334 ,
1981 1245 2043 1318 se
2061 1271 2140 1317 eo
2157 1264 2470 1341 tempore

436 1353 958 1460 Peloponnesum
986 1398 1009 1434 ‚
1060 1348 1387 1426 Euboeam
1411 1397 1434 1433 ‚
1481 1373 1909 1449 magnamque
1950 1343 2210 1420 Achaia
2242 1367 2463 1427 oram,

433 1465 505 1537 in
523 1464 691 1534 illius
706 1457 1026 1530 ditionem
1043 1449 1473 1525 redacturum.
1519 1452 1622 1522 Ni
1639 1443 1866 1520 fecerit
1885 1495 1910 1529 ,
1936 1446 2109 1517 idem
2123 1441 2465 1525 exercitus,

438 1565 551 1664 qui
569 1560 682 1632 fibi
699 1555 1144 1630 committetur
1164 1603 1183 1633 ,
1209 1551 1471 1648 decepti
1494 1550 1706 1649 Regis
1726 1550 1945 1647 exigat
1962 1567 2186 1644 poeoas
2203 1569 2235 1634 ·‚
2254 1539 2467 1614 vindi·

442 1686 676 1761 cetque
713 1651 1099 1730 atrocissima
1133 1670 1348 1722 morte
1378 1650 1832 1722 temeritatem
1862 1648 2056 1720 irrita
2103 1639 2470 1740 sponsionis.

435 1763 732 1840 Eandem
765 1756 946 1856 spem
981 1752 1264 1823 vistoriae
1285 1803 1304 1830 ,
1357 1772 1530 1848 pene
1583 1774 1710 1821 nec
1743 1769 1932 1819 tanto
1964 1743 2217 1841 sumptu
2232 1786 2257 1822 ‚
2308 1735 2482 1812 ausus

352 1868 357 1879 '
437 1862 728 1942 maximo
760 1857 936 1956 Regi
974 1872 1122 1923 ante
1152 1851 1399 1948 aliquot
1437 1859 1644 1920 annos
1675 1847 1826 1919 date
1861 1846 2131 1918 eximius
2151 1841 2311 1913 belli
2331 1839 2484 1922 dux,

439 1956 801 2060 opibusque
824 1966 891 2031 &
911 1952 1211 2052 sanguine
1229 1951 1456 2047 dignus
1476 2004 1495 2032 ‚
1522 1949 1627 2019 cui
1647 1969 1824 2019 tanta
1837 1943 2168 2043 expeditio
2188 1939 2487 2011 credere·

441 2077 566 2137 tur.
618 2059 744 2133 Sed
767 2079 939 2130 mors
958 2054 1127 2123 illius
1150 2049 1411 2121 consilia
1427 2048 1770 2144 occupavit
1788 2095 1812 2134 ,
1844 2047 2169 2117 incertum
2186 2064 2274 2111 an
2294 2063 2483 2114 vene·

442 2186 536 2235 no
555 2177 886 2233 maturata.
953 2151 1238 2249 Utrique
1258 2145 1437 2220 causa
1451 2143 1780 2246 sperandi,
1815 2153 1894 2216 eit
1913 2140 2292 2215 nostrorum
2313 2139 2489 2212 mili-

440 2281 582 2333 tum
622 2256 853 2330 robore
875 2302 899 2339 ‚
934 2252 1218 2349 bellique
1253 2248 1622 2347 disciplina,
1675 2265 1814 2318 tum
1847 2269 1931 2316 ex
1956 2240 2483 2314 Christianorum

441 2382 715 2435 numero
733 2406 757 2443 ‚
788 2378 981 2453 atque
1002 2356 1173 2424 votis
1191 2396 1214 2429 ‚
1253 2347 1471 2420 nostra
1502 2370 1672 2419 arma
1705 2345 1858 2416 illuc
1875 2343 1960 2429 ad
1979 2339 2049 2415 se
2064 2339 2478 2424 vocantium3

444 2461 725 2560 denique
739 2480 821 2529 ex
851 2448 1306 2555 ,languentibus
1332 2449 1570 2521 Turcis
1593 2504 1614 2532 ,
1669 2446 1778 2544 qui
1809 2439 2215 2526 fortitudinis
2247 2435 2481 2511 famam*

444 2586 581 2635 non
601 2562 731 2632 alio
752 2560 888 2651 jure
906 2555 1205 2627 obtinent
1220 2599 1245 2635 ,
1264 2574 1459 2649 quam
1475 2548 1568 2618 ob
1585 2548 1902 2638 majorum
1914 2541 2173 2616 suorum
2189 2535 2467 2612 noudum

441 2662 848 2759 expirantem
869 2652 1270 2728 memoriam.
1340 2648 1474 2720 Sed
1506 2642 1886 2743 ajebantisti
1902 2648 2130 2717 Duces
2146 2689 2173 2725 ,
2202 2640 2271 2710 in
2288 2632 2472 2734 ipsius

443 2758 865 2831 bostis'finum
884 2749 1242 2846 jaciendam
1261 2747 1427 2820 banc
1445 2744 1653 2820 facem
1675 2770 1852 2838 3uon
1870 2742 2151 2816 tutandis
2163 2733 2478 2811 limitibus

442 2855 760 2934 standum,
777 2856 844 2924 in
866 2849 1091 2950 quibus
1110 2849 1428 2922 summum
1448 2848 1736 2918 vietoriae
1755 2832 2467 2942 premiumessdzostem

442 2953 482 3026 Ξι
501 2954 706 3052 patria
727 2950 1098 3025 submovere
1114 2997 1137 3033 ,
1176 2973 1333 3017 mox
1350 2934 1571 3021 saevius
1590 2945 1966 3017 rediturum:
2021 2936 2198 3009 viffls
2215 2952 2454 3011 autem.

441 3063 520 3129 &⁷
535 3050 660 3141 sua,
682 3063 750 3129 δε
773 3053 987 3155 patriae
1006 3048 1339 3149 captivitas
1357 3046 1685 3117 imminet.
1723 3043 1995 3140 Ideoque
2008 3032 2308 3109 volebant
2320 3050 2467 3101 nou

442 3157 513 3228 in
536 3156 866 3229 Pannonia
902 3177 1022 3225 nos
1057 3150 1336 3231 haetere,
1390 3141 1500 3216 sed
1533 3146 1791 3243 ingenti
1818 3133 2104 3241 procursu
2137 3135 2211 3206 in
2248 3127 2479 3203 media

448 3257 712 3331 Graecia
730 3313 749 3340 ,
769 3252 1135 3328 Thraciave
1156 3308 1175 3334 ,
1217 3245 1423 3317 castra
1438 3246 1682 3316 metiri.
1748 3249 1949 3318 *Hanc
1975 3240 2047 3311 in
2074 3234 2272 3307 beliis
2302 3224 2484 3302 infe·

446 3355 660 3429 tendis
697 3355 1009 3426 rationem
1048 3349 1335 3448 plerique
1372 3356 1663 3417 veterum
1688 3346 1961 3416 inivere.
2046 3338 2155 3412 sic
2182 3337 2263 3406 in
2295 3330 2489 3406 ltalia

433 3452 777 3529 Hannibal
810 3448 1115 3524 vincebat
1152 3444 1537 3544 Carthagini
1557 3470 1578 3515 t
1632 3445 1741 3516 Sic
1790 3438 2121 3517 Romanis
2152 3436 2227 3508 in
2271 3427 2489 3506 Africa

444 3551 672 3649 Scipio
696 3579 713 3625 ε
740 3550 822 3622 fic
843 3550 1121 3649 denique
1137 3546 1252 3645 ipsi
1272 3551 1693 3643 Turcae‚quas
1713 3564 1944 3645 gentes
1963 3561 2135 3611 nunc
2150 3534 2491 3612 obtinent,

446 3652 639 3722 armis
696 3652 763 3721 in
800 3673 1014 3721 carum
1054 3645 1413 3746 provincias
1450 3645 1715 3743 prolatis
1751 3643 2168 3717 domuerunt:
2250 3636 2501 3732 Neque

452 3750 741 3851 Galliam
783 3750 1050 3833 Franci,
1083 3770 1290 3850 neque
1323 3743 2028 3838 Not-mannimaiorem
2051 3737 2504 3907 Britannicam»

2238 3855 2243 3860 ·
2397 3852 2523 3905 nto
