2738 4475
901 204 962 280 P
1059 203 1113 281 Ἀ
1206 225 1400 284 3-3
1517 202 1762 281 IV.,·
2146 224 2292 301 375

212 336 338 414 Isti
370 359 596 414 tamen
636 326 1028 435 gladiatoriae
1049 330 1173 402 atti
1184 347 1525 427 ptaetextus
1545 325 1687 411 est',
1723 318 1972 400 nescias
1990 328 2286 425 magnifi-

210 441 435 513 centia
463 463 549 510 an
580 434 861 508 utilitate
875 429 1241 530 acceptior,
1282 427 1511 526 peritia
1532 425 1883 524 pugnandi.
1935 427 2120 498 Nam
2143 452 2286 500 cum

213 562 358 612 arte
372 537 596 640 gladio
614 533 843 619 ferire,
882 536 985 606 vel
1004 529 1364 606 deflefflzte
1385 528 1735 600 destinatos
1749 525 2048 598 fibiietus
2069 573 2092 606 ‚
2144 528 2290 625 quis

211 662 423 739 neget
439 638 519 711 ad
539 662 679 710 rem
699 639 1043 709 militarem
1065 626 1578 732 pertinere->Hoc
1596 630 1818 702 Grae‘ci
1838 628 2287 728 Romanique,

196 745 301 827 ,δι
320 740 536 812 omnis
551 762 711 840 gens
733 738 922 812 armis
941 735 1187 809 strenua
1202 782 1228 818 ,
1261 758 1412 804 cnm
1432 729 1674 804 ambitu
1694 730 2000 830 quaelivit.

364 842 574 913 Nunc
610 861 761 913 vero
808 861 942 910 non
998 854 1308 934 tanquam
1344 833 1429 904 -in
1484 831 1774 929 angustia
1819 828 1948 904 sese
1986 842 2292 930 pre'men-

234 936 402 1008 tium
442 963 781 1012 cuneorum
823 939 923 1036 (ut
955 936 1023 1006 in
1053 936 1234 1030 justis
1272 933 1508 1032 ptaeliis
1548 931 1737 1012 solet)
1778 927 1886 1005 sed
1903 933 2099 1005 veluti
2119 932 2184 1001 in
2217 955 2288 1000 a-

232 1057 432 1133 pertat
466 1061 671 1111 arenae
706 1039 1043 1121 libertate,
1103 1063 1215 1140 per
1247 1032 1457 1107 cursus
1496 1028 1937 1130 recursusque,
1992 1057 2104 1130 per
2141 1056 2292 1103 om·

226 1159 383 1208 nem
418 1141 708 1236 corporis
725 1139 1016 1212 habitum
1033 1189 1058 1229 ‚
1110 1164 1225 1239 per
1245 1140 1516 1235 longam
1534 1141 1602 1206 δι
1626 1129 1940 1228 disparem
1957 1135 2291 1206 oculorum

226 1260 668 1337 manuumque
705 1234 1024 1315 fallaciam
1045 1293 1070 1329 ,
1121 1239 1267 1340 quis
1305 1259 1442 1308 non
1461 1235 1672 1331 potius
1693 1235 2081 1330 privatorum
2102 1233 2294 1305 odio-

226 1361 374 1410 rum
418 1336 868 1411 crudelitatem
920 1344 1171 1415 erudire
1190 1386 1214 1421 ‚
1269 1358 1462 1431 quam
1518 1332 1787 1431 publica·
1884 1336 2063 1420 {etati
2118 1332 2292 1406 suam
2335 1339 2362 1358 ''

224 1435 704 1510 fortitudinem
731 1462 953 1533 parare
984 1437 1322 1510 videatur?
1371 1437 1463 1507 Et
1507 1458 1658 1507 vero
1710 1362 1878 1507 nihili
1931 1434 2062 1526 jam
2110 1433 2188 1509 ad
2224 1462 2294 1508 a·

230 1538 563 1609 mentiam
597 1554 705 1604 aut
736 1536 1146 1631 impietatem
1195 1531 1503 1607 residuum
1556 1534 1622 1607 in
1671 1539 2068 1634 propinquos
2130 1536 2299 1608 ami-

240 1633 488 1732 cosque
509 1630 936 1709 saevientibus.
1015 1636 1167 1709 Sive
1199 1634 1517 1734 sanguinis
1538 1682 1561 1717 ‚
1603 1635 1727 1706 five
1748 1631 2185 1706 familiaritatis
2204 1638 2303 1729 ju·

194 1744 214 1760 ⁶
239 1758 318 1806 re
338 1733 714 1825 cuninam,
751 1761 885 1808 non
900 1735 1223 1809 atrocibus
1245 1735 1532 1827 injuriis,
1564 1734 1676 1807 sed
1711 1734 1882 1812 inani
1919 1732 2305 1833 superstitio-

232 1858 325 1907 ne
347 1831 725 1913 verborum,
763 1842 833 1909 &
873 1835 1349 1935 propemodum
1365 1837 1561 1935 gratis
1585 1885 1608 1921 ‚
1644 1832 2001 1919 diffociati‚
2054 1835 2304 1904 alterno

228 1956 466 2007 cruore
481 1933 854 2005 imbuuntur
874 1962 892 2005 ε
915 1935 1221 2034 quodque
1238 1935 1536 2008 ultimum
1557 1932 1788 2018 fiiroris
1804 1934 2071 2051 gradum
2091 1953 2314 2032 putes,
2363 2000 2376 2011 ,

232 2057 323 2106 ne
343 2034 513 2103 inter
533 2029 594 2103 se
614 2030 877 2131 quidem
909 2033 1080 2120 laefi,
1136 2031 1303 2131 saepe
1342 2033 1624 2120 aliorum?
1647 2035 2012 2118 inimtcitiis
2050 2052 2300 2105 tantum

235 2127 416 2206 nefas
448 2131 726 2205 tribuere
768 2155 1043 2218 amant,
1087 2137 1156 2204 δι
1195 2135 1261 2203 in
1296 2135 1565 2230 gratiam
1601 2132 1867 2204 nihilad
1883 2133 1949 2205 se
1968 2132 2302 2229 pertinen-

242 2233 408 2304 tium
438 2231 734 2305 odiorum
758 2229 1007 2331 seipsos
1028 2242 1099 2308 δε
1118 2233 1472 2305 amicorum
1491 2230 1886 2306 chariffimos
1908 2233 2254 2306 immolant
2275 2264 2308 2323 ·‚

240 2333 482 2431 quippe
499 2333 542 2406 ὲ
562 2336 927 2433 pugnaturis
946 2335 1059 2431 qui
1082 2334 1291 2431 perire
1309 2329 1427 2403 soli
1441 2335 1670 2404 nolunt
1688 2383 1714 2419 ,
1764 2334 1961 2407 veluti
1996 2332 2076 2403 ad
2111 2331 2301 2403 thea-

241 2454 412 2503 trum
430 2452 534 2501 aut
554 2457 812 2504 coenam
833 2491 861 2519 ‚
888 2435 980 2503 ita
1001 2433 1080 2502 ad
1099 2433 1270 2504 hunc
1291 2428 1551 2504 feralem
1569 2432 1790 2502 ludum
1811 2432 2106 2510 invitati,
2128 2432 2305 2500 ultro

251 2527 513 2600 subeunt
537 2564 563 2623 3
611 2538 678 2602 δι
717 2532 1023 2628 quicquid
1044 2529 1413 2603 hominibus
1438 2551 1542 2601 aut
1560 2530 1748 2600 dulce
1768 2551 1869 2599 aut
1894 2528 2153 2600 charum
2177 2524 2301 2611 est,

251 2629 496 2703 violare
514 2653 647 2699 non
665 2626 994 2709 dubitant,
1033 2628 1429 2729 ineptiffimo
1465 2627 1780 2702 desiderio
1816 2624 2041 2699 famaet
2099 2648 2167 2696 ut
2205 2627 2301 2716 ja-

256 2728 514 2799 &entur
534 2752 772 2821 magno
789 2729 934 2799 vitae
950 2750 1321 2827 contemptu
1342 2733 1409 2802 in
1429 2751 1682 2803 arenam
1707 2724 2159 2827 proceffiffe‚id
2178 2723 2316 2810 est,

248 2824 850 2900 truculentiffimum
887 2825 1133 2900 facinus
1168 2828 1293 2905 aust
1327 2828 1451 2902 effe
1471 2829 1726 2903 barbara
1744 2830 2151 2931 ignoratione
2173 2829 2305 2902 vir-

250 2946 428 3000 tutis.
1336 3012 1339 3015 y
2403 3012 2405 3014 v

348 3026 477 3099 Sed
499 3024 638 3100 haec
660 3026 826 3098 mala
843 3083 865 3112 ‚
909 3035 978 3101 δι
1002 3027 1044 3099 fi
1058 3032 1203 3128 ‘quae
1224 3050 1524 3127 praeterea
1541 3030 1802 3101 maculat
1824 3023 1885 3098 se
1905 3028 2183 3100 Gallicae
2203 3025 2305 3093 in-

251 3124 387 3197 doli
405 3123 823 3209 interserunt,
862 3129 1136 3199 omnino
1168 3129 1395 3201 donari
1431 3140 1651 3201 eorum
1672 3125 2007 3199 virtutibus
2031 3121 2321 3206 debent,

250 3249 413 3325 quos
439 3227 542 3295 vel
559 3227 762 3297 aetatis
782 3229 882 3298 vel
901 3225 1222 3327 sapientiae
1242 3227 1496 3327 pondus
1515 3230 1603 3297 ita
1623 3220 1982 3320 composuit
2004 3279 2024 3306 ,
2052 3245 2133 3292 ne
2151 3219 2316 3293 aestua

251 3324 605 3424 patriorum
641 3326 942 3398 vitiorum
978 3326 1172 3426 diripi
1199 3325 1466 3427 poffint.
1519 3330 1595 3396 ln
1618 3327 1693 3395 iis
1716 3324 1974 3421 egregia
1995 3322 2263 3393 comitas
2285 3353 2321 3413 3,

246 3451 387 3496 non
408 3418 758 3521 sucata2aut
777 3424 1071 3499 infidiose
1085 3429 1155 3497 in
1179 3429 1298 3499 hos
1321 3424 1493 3523 ipsos
1510 3424 1737 3523 quibus
1759 3423 2080 3493 blanditur
2096 3423 2320 3492 collo-·

249 3546 418 3596 cata.
472 3526 637 3595 Non
654 3520 968 3597 fraudibus
989 3578 1015 3614 ,
1048 3551 1183 3597 non
1224 3522 1481 3597 secretis
1514 3525 1683 3593 odiis
1703 3544 1965 3595 vacant:
2024 3522 2306 3620 Dignari

246 3622 535 3722 singulos
574 3621 1012 3722 quiaccessum
1033 3645 1139 3698 aut
1159 3626 1462 3698 notitiam
1489 3644 1716 3723 petunt
1737 3664 1759 3703 ‚
1796 3629 1857 3694 δι
1884 3646 2001 3721 pro
2020 3619 2119 3692 sua
2138 3621 2307 3691 sorte

204 3740 209 3745 ’
244 3747 779 3825 unumquemque
813 3726 1123 3799 mulcere.

1327 3826 1395 3894 A
1418 3846 1452 3893 a
1500 3846 1553 3923 4
2025 3821 2328 3891 Externo.
