2738 4475
898 244 1840 338 Panslv.,
2157 276 2299 362 423

261 374 479 476 ibique
491 393 913 448 communem
934 416 959 451 ‚
994 376 1061 444 δε
1096 389 1669 467 extemporaneam
1705 365 1979 467 patriam
2015 371 2308 450 videntur

259 468 671 549 constituisse.
708 479 1021 546 Praeterea
1040 525 1062 555 ,
1088 470 1281 570 quiin
1298 468 1554 542 ltaliam
1577 490 1889 568 pergunt,
1907 471 2173 563 juvenes
2194 520 2215 555 ,
2237 500 2307 548 ac

258 579 639 675 plerumque
654 570 946 671 opulenti
967 616 988 651 ,
1012 569 1166 642 dum
1184 588 1290 640 aut
1310 567 1552 667 oppida
1573 591 1846 653 mutant,
1867 592 1973 643 aut
1991 574 2310 673 praecipua

149 663 156 669 ’
237 676 596 758 incolunt5
630 672 782 745 dum
813 669 1035 745 omnia
1064 667 1143 748 ad
1180 668 1445 743 videndi
1463 667 1881 770 audiendique
1904 675 2306 770 voluptatem

257 773 651 853 sollicitant,
683 796 883 844 annos
921 766 1145 867 elapsae
1182 767 1470 867 pueritiae
1508 789 1912 871 venturaeque
1951 773 2305 870 prudentia:

261 874 523 960 medios
562 872 940 972 permittunt
977 867 1304 940 incuriosae
1334 865 1729 941 remiffioni=
1782 872 2064 945 maxime
2093 897 2242 946 cum
2265 877 2304 949 a

266 974 470 1073 patria
484 969 749 1045 semotis)
769 996 904 1043 non
923 991 1212 1041 occurrat
1227 966 1733 1041 domesticorum
1753 971 2177 1070 negociorum
2210 970 2307 1048 fa-

264 1076 420 1155 cies,
440 1080 502 1145 &
520 1071 654 1143 haec
677 1093 834 1146 aetas
857 1071 895 1141 a
912 1067 1304 1171 gravioribus
1323 1068 1490 1142 curis
1501 1066 1707 1167 seipsa
1725 1066 2049 1144 subducat.
2084 1079 2307 1146 Acce·
2413 1113 2422 1126 κ

258 1173 415 1246 dunt
432 1172 912 1244 oble&amenta
931 1169 1278 1264 juventutis
1292 1223 1313 1253 ,
1338 1193 1436 1240 ars
1456 1167 1768 1267 equestris
1787 1216 1813 1252 2
1831 1170 2098 1244 Cithara
2117 1218 2139 1253 ‚
2158 1170 2307 1273 spe-

258 1275 530 1354 nacula,
544 1269 828 1347 artifices
845 1271 924 1345 ad
946 1267 1378 1345 Comoediam
1393 1268 1530 1340 nati
1546 1313 1570 1349 ,
1605 1262 1710 1342 sed
1730 1271 1833 1342 vix
1852 1268 2171 1343 cothurno
2193 1299 2308 1371 pa-

255 1397 385 1448 τες.
455 1369 764 1454 Reversis
787 1370 1022 1442 deinde
1041 1371 1112 1441 in
1128 1368 1412 1440 Patriam
1433 1415 1455 1447 ‚
1495 1373 1564 1440 &
1584 1371 1841 1469 negocii
1883 1373 1905 1459 (
1914 1393 1981 1443 ut
1996 1397 2156 1469 opus
2176 1371 2298 1456 est)

256 1471 471 1572 plenis
488 1525 511 1555 ,
552 1468 712 1567 quid
750 1470 982 1541 mirum
1018 1464 1189 1536 suavi
1237 1464 1677 1539 recordatione
1730 1468 1938 1546 redire
1986 1472 2301 1552 mitiffimi

251 1568 578 1666 temporis
598 1566 821 1637 ludum
843 1622 863 1650 ,
881 1562 1297 1662 percussoque
1311 1564 1528 1635 animo
1544 1566 1612 1637 in
1631 1567 1853 1665 elapsae
1875 1593 1995 1641 nec
2011 1570 2304 1648 reditura

259 1666 726 1746 oblee’cationis
744 1664 1302 1746 memoriales-um
1317 1687 1576 1763 quoque
1593 1684 1784 1740 tantae
1803 1661 2124 1754 felicitatis
2144 1697 2307 1744 con-

259 1763 467 1842 scium
484 1783 736 1864 gratum
755 1761 877 1836 efl'e
899 1767 930 1839 i·
2288 1825 2296 1832 .

363 1870 696 1942 Caeterum
721 1863 939 1961 magni
963 1859 1136 1934 casus
1154 1920 1175 1948 ,
1221 1871 1289 1938 δι
1313 1864 1497 1963 regio
1513 1865 1709 1940 toties
1724 1864 1794 1938 in
1806 1864 2077 1944 exitium
2099 1865 2190 1950 sui
2206 1868 2307 1942 di«.-

251 1990 365 2040 ves
389 1964 577 2047 ,illos
600 1965 844 2060 primos
863 2008 887 2044 ‚
928 1969 998 2035 &
1021 1988 1186 2059 quos
1203 1988 1281 2036 ex
1305 1965 1625 2048 veteribus
1643 1965 1919 2048 dicimus
1942 1991 2152 2039 mores
2170 2016 2197 2049 ,.
2224 1968 2306 2042 de

250 2064 500 2160 ‚Italicis
538 2061 840 2161 gentibus
872 2082 948 2134 ut
986 2062 1331 2160 plurimum
1373 2064 1666 2139 excuffit.
1752 2066 2030 2137 Animus
2085 2088 2303 2144 tamen
2331 2103 2336 2113 ·

252 2166 545 2237 omnium
563 2188 772 2236 rerum
789 2185 1012 2261 capax.
1073 2165 1312 2260 Neque
1330 2164 1554 2263 pingui
1570 2163 1848 2263 impetu,
1866 2172 1934 2239 δι
1954 2185 2201 2239 tantum
2221 2166 2299 2240 ad

191 2260 218 2319 ·'
256 2284 493 2338 naturae
526 2263 867 2362 imperium
884 2319 907 2347 ,
949 2257 1059 2334 sed
1082 2262 1368 2343 erudite,
1393 2271 1460 2335 δε
1479 2286 1626 2334 cum
1647 2261 1963 2345 artificio,
2003 2266 2295 2349 virtutes,

253 2386 360 2437 aut
393 2364 550 2437 vitia
575 2362 937 2464 sequuntur.
1020 2359 1467 2441 Humanitatis
1518 2362 1708 2436 effusa
1743 2364 2078 2461 promiffio
2109 2367 2189 2438 ab
2222 2368 2302 2438 iis

253 2465 442 2537 omni
461 2465 747 2561 corporis
767 2460 952 2562 gestu
966 2455 1236 2533 sancitur
1258 2491 1277 2535 ε
1332 2459 1525 2534 verba
1543 2466 1784 2535 εκαᾶκ
1800 2464 2203 2544 urbanitatis,
2228 2474 2298 2535 δε

259 2586 411 2634 cum
431 2562 658 2634 volunt
671 2562 752 2632 ad
770 2556 1272 2656 persuadendum
1291 2559 1634 2660 aptiffima.
1684 2562 1900 2634 Etiam
1923 2561 2170 2656 prolixe
2190 2560 2303 2631 be·

257 2661 652 2734 nevolentiae
684 2661 1021 2758 indulgent
1041 2682 1064 2738 3
1113 2665 1181 2732 δι
1199 2707 1223 2742 ,
1257 2662 1364 2733 ubi
1388 2685 1534 2733 vere
1549 2681 1765 2733 amant
1779 2717 1803 2745 ,
1841 2660 2061 2734 omnia
2076 2657 2302 2732 discri-

258 2760 443 2845 mina
460 2756 696 2833 habent
716 2756 880 2832 infra
896 2780 1031 2830 tam
1042 2758 1302 2833 humani
1320 2756 1586 2834 foederis
1604 2759 2030 2836 sanffitatem.
2051 2760 2297 2860 Siquos
2366 2815 2368 2818 ι

256 2880 472 2933 autem
491 2859 766 2934 oderunt
792 2857 947 2948 (five
968 2856 1193 2957 sponte
1211 2859 1442 2945 averli,
1476 2860 1601 2933 five
1620 2856 1684 2933 se
1718 2859 2038 2941 laceffitos
2076 2860 2297 2933 existi·

234 2972 467 3055 ment)
491 2957 643 3032 ideo
664 2960 932 3059 periculi
947 2960 1203 3057 plenior
1216 2984 1315 3037 res
1334 2961 1429 3035 est
1446 3008 1466 3042 ‚
1502 2962 1646 3060 quia
1675 2962 1840 3041 hane
1874 2961 2074 3034 animi
2105 2962 2298 3057 aegri-

170 3104 176 3109 -
254 3059 543 3131 tudinem
561 3063 937 3160 plerumque
957 3081 1257 3160 tegentes
1280 3107 1302 3141 ,
1323 3063 1449 3133 alte
1467 3061 1725 3133 interim
1743 3059 2169 3134 aemulationis
2191 3079 2296 3128 aut

253 3155 515 3230 offensae
548 3162 926 3245 memoriam
943 3160 1323 3233 recondunt.
1419 3159 1583 3232 Laefi
1623 3159 1943 3232 interdum
1987 3154 2068 3227 ad
2104 3151 2291 3225 obse·

303 3257 477 3329 uium
497 3254 982 3341 descendunt2ut
1000 3262 1171 3333 inter
1188 3260 1488 3332 amicitiae
1503 3262 1638 3352 jura
1654 3256 1878 3329 tutiori
1894 3252 2108 3331 ftaude
2124 3251 2297 3354 gras-

247 3284 489 3430 Pentur.
540 3360 754 3431 Etiam
776 3379 1029 3434 aetatem
1046 3362 1198 3432 odia
1232 3357 1367 3429 baec
1387 3353 1638 3450 ferunt3
1669 3363 1772 3429 Ac
1793 3355 1969 3454 quod
1988 3350 2295 3428 noxiosis-

246 3455 486 3530 fimum
506 3460 1175 3560 putes‚nonnunquam
1194 3460 1441 3530 animus
1459 3480 1591 3529 tam
1616 3452 1817 3527 facilis
1835 3454 1928 3527 est
1945 3457 2024 3528 ad
2042 3459 2289 3537 vulnus,

248 3580 448 3655 quam
468 3558 753 3655 pertinax
772 3559 848 3631 ad
870 3560 1266 3635 cicatricem,-
1318 3558 1584 3653 Mentes
1599 3556 1767 3633 intra
1787 3554 2129 3629 tristiorem
2150 3583 2293 3654 pru·

245 3655 541 3729 dentiam
559 3655 874 3757 castigatae
892 3662 1005 3731 vix
1023 3656 1329 3729 sustinent
1347 3657 1529 3749 jocos
1552 3681 1575 3736 3
1605 3670 1723 3731 nec
1747 3654 1899 3754 qnid
1916 3675 2160 3728 temere
2175 3714 2196 3741 ,
2226 3663 2292 3729 δε
2342 3714 2344 3717 .

240 3752 483 3858 absque
503 3756 778 3833 consilio
792 3802 814 3842 ,
833 3759 939 3832 vel
954 3758 1169 3830 dicere
1186 3751 1403 3827 affueti
1425 3758 1528 3826 vel
1545 3751 1750 3829 facere
1768 3808 1798 3843 ,
1813 3778 1891 3835 ex
1912 3750 2022 3831 suo
2038 3777 2295 3855 quoque

1406 3858 1479 3927 D
1505 3855 1547 3928 d
1589 3860 1654 3950 '4
2119 3873 2304 3925 more
