2738 4475
459 262 600 340 290
990 238 2058 314 Eur‘nonM.SA·rY1tre1

453 361 595 433 stus
617 356 742 432 est.‘
794 361 875 430 In
895 381 979 431 eo
999 355 1107 430 sub
1131 356 1300 429 fietis
1326 356 1694 431 nominibus
1712 402 1735 438 ‚
1757 383 1902 458 quae
1924 359 2003 429 ad
2025 355 2445 432 sustinendas
2465 364 2568 435 vi-

451 460 695 534 tici-um
711 455 1022 554 ‚personas
1041 458 1441 540 induxeram,
1469 455 1744 529 conabar
1764 477 1879 555 per
1898 455 2282 530 suavitatem
2306 455 2559 534 fabulae

455 564 657 634 multa
703 566 768 631 δι
788 556 897 628 dis
930 559 1054 629 aria
1075 558 1320 658 flagitia
1341 558 1666 630 damnare.
1698 560 1880 630 Nam
1907 560 2053 660 quid
2076 556 2371 632 insulsius
2387 556 2535 641 fuis
2523 603 2558 622 -

456 657 551 732 set
568 706 589 740 ‚
630 683 823 758 quam
861 586 1146 756 {iiscepta
1173 655 1575 731 accusatione
1615 658 1906 730 omnium
1928 669 1951 744 ,'
1996 682 2234 757 paucos
2256 703 2282 738 ‚
2327 684 2549 760 neque

456 776 538 832 ex
585 756 1124 858 improbioribus,
1169 754 1647 858 perstringere?
1686 779 1793 828 aut
1816 784 1953 857 quae
1972 758 2079 831 illa
2101 760 2547 857 periculorum

341 903 348 908 ·
456 856 806 939 aviditas,sr
832 877 1106 960 magnos
1125 860 1293 930 viros
1314 858 1605 957 gratuitis
1628 858 1988 931 inimicitiis
2008 856 2545 947 inconciliassem,

459 955 812 1057 praesertim
843 961 912 1030 in
943 962 1086 1030 luce
1123 963 1188 1030 δι
1214 956 1683 1029 discriminibus
1710 957 2036 1030 victurus?
2078 956 2420 1045 Quosdam
2444 980 2544 1040 ta-

460 1082 615 1132 men
653 1058 736 1131 de
770 1059 940 1132 notis
982 1064 1044 1130 &
1085 1054 1461 1155 spirantibus
1497 1053 1771 1130 miscere
1794 1060 1961 1130 inter
1983 1058 2118 1130 baec
2139 1053 2284 1129 falsa
2306 1059 2539 1131 &ina-

458 1158 566 1230 nia
602 1157 974 1230 simulachra
1009 1157 1278 1229 institui.
1337 1156 1464 1231 Sed
1506 1164 1569 1228 &
1607 1151 2170 1230 faciliimitatione
2190 1162 2534 1230 nominum

461 1256 735 1428 Rrodel'e
754 1300 776 1337 ‚
817 1281 900 1329 ne
924 1281 1038 1356 per
1056 1259 1276 1328 omnia
1296 1255 1519 1329 fretam
1542 1253 1794 1326 (cenam
1824 1260 2179 1331 multorum
2193 1257 2390 1329 studia
2409 1257 2531 1329 de-

519 1358 795 1428 ituerent
822 1413 843 1441 ,
884 1359 993 1456 qui
1029 1358 1096 1426 in
1139 1380 1381 1429 certam
1419 1366 1483 1431 &
1508 1356 1862 1430 viventium
1887 1359 2405 1430 criminationem
2425 1358 2532 1428 in-

464 1458 631 1527 tenti
677 1455 837 1529 sunt.
889 1464 968 1527 ln
1009 1459 1083 1527 iis
1119 1459 1258 1557 plus
1280 1456 1631 1557 voluptatis
1654 1476 1757 1527 aut
1776 1453 1970 1543 risuS,
2007 1484 2197 1557 quam
2217 1456 2434 1529 solidae
2454 1464 2528 1529 δι

465 1556 776 1654 legitimae
820 1553 1236 1630 accusationis
1254 1558 1531 1657 quaefivi.
1596 1566 1696 1630 lta
1718 1561 2049 1632 communi
2073 1565 2143 1631 δι
2166 1558 2342 1629 malo
2356 1557 2541 1656 vulgi

466 1655 729 1755 gandi0‚
756 1655 861 1729 sed
885 1684 1018 1730 non
1039 1683 1149 1759 per
1170 1657 1518 1760 flagitium,
1539 1658 1920 1754 obsequutus
1942 1654 2098 1728 sum.

571 1758 748 1827 Ecce
769 1782 1019 1845 autem,
1062 1785 1142 1831 ne
1162 1761 1429 1855 impune
1454 1753 1706 1827 fortuna
1725 1753 1993 1839 faveret,
2045 1756 2263 1850 primo
2280 1781 2545 1844 eorum,

470 1856 582 2026 Pui
607 1857 1162 1955 Euphor-inionem
1185 1852 1960 1946 amabant,intempestiva
1983 1851 2359 1946 diligentia3
2379 1880 2555 1926 mox

499 1954 806 2028 edulitate
822 1955 1169 2038 invidiae,in
1194 1977 1423 2022 omnes
1448 1945 1879 2044 simpliciffimi
1902 1944 2118 2040 scripti
2141 1967 2361 2040 partes
2383 1950 2556 2021 soli-

470 2054 617 2120 eitae
665 2050 1009 2121 severitatis
1028 2052 1170 2140 lege
1186 2047 1510 2142 quaefitum
1531 2046 1651 2114 est.
1690 2048 1759 2116 O
1778 2041 2111 2112 ridiculum
2129 2061 2261 2112 tam
2281 2044 2539 2144 ineptae

467 2144 792 2241 sapientiae
812 2149 1110 2214 acumen!
1128 2144 1347 2212 omnia
1364 2142 1445 2213 ad
1464 2140 1830 2214 historicam
1848 2140 2068 2237 legem
2087 2162 2325 2241 cogere
2346 2187 2376 2224 ‚
2407 2169 2548 2243 pro

463 2242 733 2313 libidine
753 2240 1079 2313 sententiis
1099 2241 1298 2322 abuti,
1318 2237 1779 2340 perpetuasque
1798 2242 2059 2335 injurias
2083 2248 2150 2315 &
2173 2243 2551 2343 malignam

465 2337 869 2440 prudentiam
890 2341 1194 2439 cogitare.
1229 2346 1397 2437 Jam
1419 2342 1744 2415 Gallionis
1765 2399 1784 2427 ,
1828 2342 1957 2434 jam
1981 2340 2246 2415 Fibullii
2266 2345 2553 2419 nomina

466 2439 837 2513 turbulento
854 2441 1159 2513 vaticinio
1177 2444 1368 2514 certis
1387 2442 1759 2515 bominibus
1777 2438 2280 2515 destinabantur.
2317 2445 2550 2519 Deni-

379 2589 392 2600 ·
453 2562 597 2639 wque
628 2563 770 2639 quae
808 2543 1178 2612 communia
1193 2563 1457 2639 peccata
1480 2538 1590 2611 sub
1608 2543 1873 2638 privatis
1891 2540 2271 2613 nominibus
2289 2565 2396 2613 car
2445 2542 2553 2617 se-

461 2664 611 2719 ,ram
628 2685 651 2718 ‚
691 2640 759 2710 in
800 2638 1465 2739 fingulares'homines
1487 2640 1526 2713 *a
1549 2639 1804 2738 publica
1826 2640 2281 2713 criminatione
2298 2568 2553 2717 refgre-

475 2738 586 2809 bat
624 2738 966 2811 hominum
984 2740 1385 2839 quorundam
1404 2744 1623 2838 inepta
1643 2742 1824 2813 natio
1846 2746 1913 2814 δε
1936 2764 2016 2812 ex
2034 2736 2225 2812 saucii
2242 2742 2440 2814 animi
2455 2745 2551 2815 li-

477 2862 630 2909 vore
666 2858 1044 2910 caeterorum
1078 2838 1826 2914 modestiam-aestimans.
1915 2840 2113 2911 Multi
2131 2864 2387 2939 quoque
2406 2842 2548 2913 ira-

476 2936 718 3008 scendo
741 2934 1169 3039 agnoscebant
1190 2936 1451 3022 scelera‚
1478 2948 1546 3014 &
1571 2939 1688 3012 fibi
1712 2935 2097 3012 maledixiffe
2115 2939 2385 3011 invitum
2409 2964 2549 3010 co-

477 3037 740 3137 gebant.
799 3040 1014 3111 Etiam
1037 3037 1142 3110 ubi
1159 3040 1761 3113 commendaveram
1781 3042 2078 3111 virtutem
2097 3082 2120 3118 ‚
2138 3037 2361 3108 omnia
2379 3040 2548 3136 opi-

483 3138 598 3209 nio
614 3139 932 3211 continuae
949 3141 1299 3211 atrocitatis
1323 3139 1794 3239 corrumpebat.
1832 3138 2082 3210 Primus
2100 3138 2316 3234 itaque
2337 3138 2548 3210 turbo

481 3260 564 3307 ex
586 3238 704 3308 hac
726 3240 1050 3340 irrequieti
1072 3240 1246 3340 vulgi
1263 3239 1589 3338 imperitia
1610 3239 1967 3310 concitatus
1985 3233 2540 3311 est.Alexandriae

485 3335 917 3427 Qaefitorem
938 3381 961 3417 2
981 3366 1112 3411 non
1130 3332 1519 3437 procacitate
1541 3342 1687 3421 ulla,
1706 3359 1810 3411 aut
1826 3338 2290 3410 contumeliam
2310 3339 2538 3409 celan-

484 3432 652 3502 tibus
693 3435 857 3527 jocis
874 3496 895 3524 ‚
935 3438 1041 3512 sed
1075 3439 1256 3511 hilari
1294 3447 1360 3512 &
1400 3441 1674 3537 ingenua
1709 3437 1892 3509 laude
1931 3432 2348 3536 prosequutus
2370 3432 2534 3509 sum.

483 3531 934 3610 Habitationis
977 3538 1091 3612 suae
1125 3539 1224 3610 via
1245 3586 1267 3622 ‚
1303 3541 1635 3627 materiam
1678 3536 1939 3610 ludendi
1975 3536 2076 3608 sua
2098 3535 2533 3634 appellatione

486 3632 858 3729 praebuerar.
916 3641 1263 3739 Indignum
1284 3639 1498 3736 itaque
1518 3637 1675 3722 dixi,
1691 3639 1801 3735 qui
1821 3640 1990 3709 irater
2008 3638 2176 3709 mala
2194 3635 2526 3707 babitaret.

488 3732 623 3811 Hic
644 3758 796 3805 vero
814 3737 1209 3833 potiffimum
1228 3763 1428 3839 genus
1447 3739 1631 3812 rudes
1653 3784 1674 3821 ,
1698 3747 1762 3815 &
1788 3734 1909 3811 suae
1930 3739 2021 3812 im
2030 3737 2275 3841 periti'ae
2294 3730 2516 3836 ignari,

2435 3826 2520 3901 ad
