2738 4475
844 241 900 312 1>
1004 261 1052 310 a
1153 260 1206 312 lt
1304 264 1336 310 s
1451 241 1624 309 ΙΙΙ.
2128 261 2267 339 293

207 351 329 435 xit,
351 350 750 456 tempestatis
770 358 976 429 minas
996 347 1275 451 despexi,
1298 380 1439 458 quae
1460 354 1817 449 hybernum
1834 349 1904 422 in
1929 352 2260 428 Adriatico

209 456 683 555 increpuerant,
709 456 1128 529 Parricidium
1150 479 1252 524 aut
1274 476 1831 554 portentum‚cum
1856 475 1953 523 res
1976 478 2268 527 cernere-

210 575 307 625 tur
344 558 669 629 atrocibus
723 553 901 653 stylis
921 603 943 639 ‚
982 552 1542 649 Euphormionem
1564 598 1586 632 ‚
1628 554 1908 624 animum
1940 550 2119 624 suum
2164 577 2266 626 tot

214 652 495 729 horrore
522 656 831 728 Rudinum
866 677 1130 753 gravem
1148 699 1168 731 ,
1209 673 1309 723 tot
1345 677 1651 752 nugarum
1691 652 2141 749 indignatione
2160 676 2263 726 tu-

214 775 536 842 mentem,
557 779 898 827 exonerare
916 748 1197 828 voluisse.
1224 753 1350 825 Sed
1369 760 1436 825 &
1458 776 1589 823 tam
1610 753 1752 822 miti
1770 751 1979 823 studio
1998 800 2020 834 ‚
2040 777 2107 823 ut
2126 759 2272 826 Ge-

218 851 525 951 phyriurn
559 851 913 926 excusarem
936 899 958 933 ‚
990 852 1158 952 quafi
1187 853 1663 949 alienoimpetu
1682 847 1840 921 falsis
1859 859 1924 927 δι
1952 856 2127 924 vanis
2147 854 2273 925 ho·-

211 953 502 1028 minibus
519 951 577 1025 se
590 976 836 1026 tantum
858 949 1232 1050 praebuiffet.
1256 953 1390 1025 Hic
1409 974 1714 1049 tanquam
1735 952 1948 1021 vicino
1964 952 2273 1044 incendio

205 1050 473 1126 aestuare
491 1056 843 1133 Italiam,&
866 1071 1072 1121 totam
1091 1049 1505 1149 quaestionem
1525 1049 1783 1121 curiosis
1798 1050 2033 1121 libellis
2049 1048 2272 1123 excus-

203 1147 340 1222 sam
365 1199 386 1231 ‚
410 1153 554 1252 post
573 1155 872 1224 omnium
896 1147 1208 1221 foederum
1233 1152 1617 1250 religionem
1641 1152 2031 1248 pugnaturis.
2085 1155 2266 1226 Nam

193 1254 389 1352 piget
432 1250 730 1325 excusare
770 1250 943 1352 quod
980 1248 1364 1322 insolentem
1406 1257 1473 1321 &
1498 1250 1691 1320 toties
1711 1248 2066 1350 Gephyriis
2085 1247 2268 1324 fune-

193 1351 367 1426 stam
411 1350 805 1452 potestatem
838 1352 1060 1424 notavi
1098 1346 1437 1420 abdicandi
1455 1349 1553 1418 vel
1575 1346 2003 1421 constituendi
2023 1352 2268 1450 princi-

196 1475 426 1548 patus.
482 1450 614 1523 Sed
632 1459 697 1521 &
717 1451 806 1519 ibi
825 1471 1123 1546 parcente
1145 1446 1470 1518 iracundia
1487 1447 2057 1550 videbarlanguiss'e
2075 1507 2091 1531 ,
2115 1475 2266 1526 cum

193 1571 352 1620 tarn
393 1547 724 1643 publicam
764 1545 970 1616 facem
987 1602 1007 1629 ,
1043 1568 1144 1616 tot
1165 1543 1469 1616 scelerum
1492 1553 1557 1618 δι
1578 1548 1898 1620 turbinum
1918 1549 2264 1638 consciam,

197 1647 723 1742 Gephyriorum
746 1669 934 1715 manu
952 1645 1173 1736 inestari
1194 1643 1540 1716 modestius
1555 1647 1850 1745 indigner
1866 1696 1890 1732 ‚
1909 1650 2056 1747 quia
2072 1675 2273 1721 unus-

193 1742 491 1843 quisque
512 1742 628 1816 sibi
645 1739 836 1825 favet,
857 1751 924 1815 δε
948 1746 1117 1814 nulla
1134 1745 1225 1817 vis
1245 1742 1338 1815 est
1361 1741 1607 1817 suavior
1621 1771 1812 1847 quam
1835 1745 2013 1846 supra
2034 1745 2096 1819 se
2113 1749 2270 1820 adu-

191 1844 491 1918 lationis
528 1864 864 1915 tormento
895 1845 1090 1915 rotari
1116 1861 1140 1915 τ’
1174 1846 1308 1915 Illis
1347 1866 1561 1916 autem
1585 1894 1606 1926 ,
1643 1849 1754 1943 qui
1792 1845 1957 1918 hanc
1979 1868 2271 1920 mentem

189 1941 577 2041 Gephyriis
600 1943 936 2036 injiciunt,
972 1942 1039 2013 id
1054 1940 1150 2014 est
1169 1961 1192 2028 ‚'
1248 1943 1357 2043 qui
1377 1946 1557 2017 illam
1577 1941 1782 2018 facem
1801 1945 1881 2017 ad
1900 1947 2272 2026 incendium

188 2043 524 2117 adornant
542 2091 564 2127 ‚
608 2061 743 2113 non
780 2041 1062 2114 humano
1076 2061 1325 2114 tanturn
1345 2043 1507 2115 odio
1529 2041 1763 2118 irascor
1783 2092 1804 2125 ‚
1843 2042 1949 2116 sed
1967 2067 2073 2118 aut
2091 2043 2274 2145 supra

196 2144 575 2215 communis
594 2141 885 2223 malitiae,
908 2149 973 2213 8<
993 2167 1186 2243 quam
1208 2145 1406 2215 veluti
1427 2140 1564 2215 usus
1582 2141 1835 2215 excusat
1849 2191 1871 2227 ‚
1888 2146 2021 2239 jura
2040 2167 2270 2218 euntes

195 2243 575 2327 abominor,
601 2266 707 2315 aut
724 2237 886 2314 infra
904 2241 1168 2315 humani
1189 2245 1501 2315 acuminis
1522 2244 1946 2343 praestautiam
1966 2243 2268 2318 demissos

205 2362 599 2413 contemno.
651 2346 831 2416 Nam
849 2342 1001 2443 quid
1022 2344 1450 2441 importunius
1467 2393 1491 2431 ,
1532 2370 1721 2442 quam
1743 2341 2096 2417 rescindere
2116 2349 2266 2418 vin-

213 2444 359 2512 cula
385 2445 771 2514 reverentiae
810 2443 851 2516 ὶ
886 2442 1244 2540 primordio
1261 2465 1568 2514 terrarum
1587 2438 1721 2542 ipsa
1739 2446 2052 2517 Numinis
2074 2468 2271 2515 manu

217 2539 616 2611 sanetiffime
635 2538 906 2625 astrieta,
927 2549 1023 2624 &‚
1038 2541 1213 2640 quod
1231 2544 1640 2614 teterrimum
1655 2564 1816 2638 puto
1834 2591 1856 2626 ,
1892 2563 2027 2613 tam
2041 2542 2274 2639 grandi

221 2634 490 2734 flagitio
522 2632 860 2709 inscribere
894 2639 1093 2737 ipsum
1109 2644 1354 2713 coelum
1378 2644 1408 2716 P
1448 2646 1574 2715 Hae
1593 2640 1908 2713 sacrorum
1928 2639 2276 2711 hominum

233 2730 433 2814 furiae‚
479 2735 711 2834 quibus
749 2760 830 2806 ne
866 2734 982 2809 suae
1005 2740 1257 2837 quidem
1281 2738 1614 2814 sententiae
1635 2764 1780 2811 vere
1806 2741 2060 2837 placent
2081 2785 2104 2821 ‚
2140 2758 2278 2811 non

228 2835 394 2907 alios
432 2833 549 2905 fibi
588 2835 940 2907 conciliant
958 2884 982 2922 ,
1022 2864 1208 2936 quarn
1225 2841 1487 2940 ingenia
1506 2841 1936 2913 imbecillitati
1957 2840 2283 2920 damnata,

224 2936 326 3009 vel
365 2932 845 3007 simulationem
886 2938 1255 3011 callidorum
1293 2940 1379 3012 ad
1394 2938 1726 3039 perfidiam
1750 2939 2118 3012 ambitionis
2143 2942 2282 3034 pie·
2362 2990 2371 3002 .

208 3038 370 3106 tatis
389 3035 684 3134 imagine
702 3039 1044 3108 utentium.
1063 3042 1163 3110 Ex
1184 3038 1331 3137 ipsis
1358 3063 1568 3112 autem
1591 3043 1975 3138 religionum
1999 3038 2281 3108 admini-

219 3133 705 3232 stris‚praecipui
723 3161 948 3208 arcana
967 3134 1073 3234 spe
1093 3138 1468 3237 Gephyrios
1490 3141 1707 3213 omnia
1727 3138 1901 3235 posse
1920 3137 2303 3221 voluerunt,

161 3284 164 3285 ν
221 3233 379 3333 quia
410 3257 542 3333 quo
557 3229 881 3334 superbius
903 3234 1084 3308 fluvii
1101 3235 1474 3309 excrescunt
1495 3284 1517 3317 ‚
1557 3262 1639 3307 eo
1665 3234 2007 3307 vividiores
2030 3234 2278 3305 rivulos

222 3354 614 3432 propagant.
672 3338 768 3404 At
807 3359 960 3408 vero
978 3362 1187 3433 parvae
1208 3358 1459 3407 mentes
1481 3331 1668 3433 spisso
1685 3331 1924 3423 judicio
1941 3335 2110 3405 inter
2130 3335 2283 3407 Nu-

197 3457 386 3504 -men
431 3441 499 3504 &
524 3434 936 3533 Gephyrium
960 3438 1065 3505 vix
1087 3434 1518 3532 destinguunt.
1572 3436 1747 3513 Ecce
1770 3429 2008 3528 ,ipsam
2030 3432 2283 3509 Urbem

202 3530 273 3619 ‚fi
300 3533 517 3630 placet
542 3533 772 3606 intueti
798 3536 979 3619 (nam
1044 3561 1156 3605 uos
1180 3535 1339 3605 alios
1364 3533 1772 3631 Gephyrium
1788 3528 2047 3624 sceptris
2071 3534 2285 3630 praefi-

225 3655 382 3703 cere
417 3657 552 3703 non
594 3634 786 3731 pudet
805 3639 860 3720 ?)
906 3640 973 3704 δι
1034 3631 1337 3727 uperbam
1357 3629 1659 3704 fiduciam
1683 3626 1858 3727 supra
1876 3629 2015 3702 suos
2033 3647 2285 3705 tumen-‘

223 3733 400 3836 tium
439 3733 640 3806 colles
667 3782 692 3821 ,
725 3736 880 3809 illuc
903 3729 1228 3832 utriusque
1249 3731 1586 3903 possstatis
1606 3724 1798 3802 fasces
1820 3778 1844 3817 ,
1883 3740 1947 3807 δι
1969 3730 2287 3898 prossulssab

1231 3852 1236 3857 ’
1446 3852 1489 3929 3
2135 3854 2177 3897 o
2235 3853 2289 3893 ι-
