2738 4475
467 233 626 312 440
902 210 2033 286 'Euraorumsxrvrucz

465 353 669 409 aut‘tu
686 377 709 416 ‚
729 348 833 401 aut
854 354 983 431 ego
1001 377 1021 409 ,
1043 326 1307 401 sciamus
1329 385 1352 414 ‚
1376 329 1446 401 in
1464 353 1601 431 quae
1620 325 1747 400 fata
1769 328 1846 402 fit
1864 330 2140 428 genitus
2161 331 2192 403 ἶ·
2226 350 2349 400 aut
2360 326 2590 429 quani

472 434 658 508 claris
693 431 1027 503 virtutibus
1065 427 1401 500 subfidium
1422 431 1632 527 patriae
1651 426 2038 527 paraturus?
2074 430 2303 501 Satius
2325 430 2478 511 ini,
2522 428 2578 501 fi

471 538 560 608 ita
579 531 703 604 fata
720 531 980 601 tulerint
996 575 1020 611 ‚
1055 529 1269 600 inedia
1287 528 1607 629 extingui,
1640 552 1831 626 quam
1849 527 1933 599 ad
1954 525 2351 601 servitutem
2406 526 2573 619 (sub

472 651 742 708 externo
778 628 1096 727 praecipue
1133 629 1441 725 domino)
1479 629 1744 728 egregiis
1766 625 2156 700 hominibus
2177 629 2566 731 indignam

467 730 794 807 accedere
1153 794 1159 800 .

567 829 821 901 Fallunt
838 847 1058 898 tamen
1080 821 1219 902 His
1253 825 1355 898 ani
1375 847 1693 901 tantorum
1708 820 2035 924 spirituum
2055 823 2102 896 s
2085 828 2293 926 pecie
2308 874 2334 910 ,
2376 853 2556 927 qua-

466 932 561 1002 les
585 949 815 999 naturae
837 917 1085 1025 sponte,
1106 935 1171 1000 δι
1226 950 1363 1025 aepe
1386 927 1852 1026 incogitantes,
1883 923 2264 999 effirndunt.
2347 933 2551 1001 Nam

467 1030 757 1129 plerique
781 1028 1037 1098 illorum
1055 1050 1243 1123 parca
1264 1025 1652 1126 modicaque
1672 1023 1831 1096 sorte
1847 1027 2131 1097 'contenti
2152 1074 2180 1111 ,
2220 1049 2317 1097 ne
2337 1024 2545 1124 spem

469 1126 732 1230 quidem
753 1125 834 1197 ad
855 1128 1097 1219 majora
1114 1122 1383 1225 fastigia,
1406 1133 1471 1198 δι
1495 1120 1837 1225 supercilio
1853 1121 1952 1195 suo
1970 1124 2177 1223 digna,
2200 1123 2540 1195 videntur

464 1229 783 1302 attoilere.
830 1227 1010 1300 Hinc
1030 1224 1241 1297 videas
1264 1225 1341 1296 ad
1362 1225 1599 1297 arcium
1623 1224 1901 1323 praesxdia
1916 1227 2160 1296 modico
2175 1222 2531 1321 stipendio

467 1329 833 1399 collocatos
853 1375 876 1410 ,
910 1326 1090 1397 velut
1109 1327 1175 1397 in
1193 1327 1416 1423 patriis
1436 1325 1664 1396 laribus
1685 1369 1711 1405 ,
1752 1325 2344 1420 interimparestarn
2370 1348 2530 1395 arn-

470 1423 717 1498 bitiofis
737 1425 942 1496 verbis
968 1448 1143 1494 curas
1166 1470 1188 1505 ,
1236 1424 1313 1495 ad
1348 1421 1745 1496 seneffiutem
1767 1423 2118 1521 pervenire.
2172 1421 2373 1510 Quod
2393 1426 2530 1494 uti-

472 1551 600 1625 que
632 1525 842 1596 minus
881 1525 1376 1623 patiGallorurn
1397 1526 1594 1596 animi
1613 1523 1857 1620 poffint
1876 1570 1903 1606 ,
1955 1521 2035 1593 ad
2068 1546 2234 1592 nova
2261 1517 2527 1595 subinde

473 1625 694 1697 omnia
716 1626 915 1695 ereflzi
937 1632 1042 1710 3&
1065 1625 1284 1695 Italica
1300 1621 1616 1707 sedulitas,
1636 1616 1891 1721 semper
1905 1624 2089 1696 illam
2106 1646 2254 1722 quae
2273 1642 2540 1695 ventura

478 1722 576 1796 est
599 1719 919 1795 fortunam
940 1717 1306 1795 observans.

584 1829 665 1895 In
686 1819 997 1922 Hispania
1014 1882 1036 1909 ,
1060 1820 1264 1895 studia
1281 1823 1607 1893 literatum
1622 1844 1706 1892 eo
1723 1820 1898 1895 cultu
1915 1845 2055 1893 non
2075 1820 2317 1903 nitent,
2336 1844 2528 1920 quem

480 1920 620 1993 haec
644 1946 792 1993 aetas
809 1922 993 1995 nudis
1015 1931 1079 1997 &
1100 1919 1526 2022 squalentibus
1548 1918 1747 1994 Mufis
1766 1918 2052 2018 reposuit
2072 1969 2095 2003 ‚
2111 1945 2256 1992 cum
2280 1918 2530 2019 periiffe

481 2021 808 2093 videretur
838 2023 948 2093 ille
981 2022 1355 2093 eruditionis
1389 2017 1637 2118 spiritus
1674 2020 1786 2119 'qui
1817 2043 2092 2092 ornnem
2124 2016 2531 2095 scientiarum

483 2142 731 2215 partem
751 2120 943 2191 debet
963 2122 1271 2217 implere..
1326 2123 1494 2193 Non
1526 2121 1703 2191 enirn
1728 2121 1976 2192 Latinae
1994 2121 2057 2191 el
2154 2121 2389 2193 uentiae
2408 2118 2539 2192 stu-

485 2218 663 2289 dium
691 2217 781 2288 i‘bi
800 2220 976 2318 viget
994 2275 1015 2303 ‚
1055 2244 1191 2290 non
1206 2216 1496 2290 venustas
1563 2220 1803 2293 o'e‘tices
1824 2266 1849 2301 ‚
1886 2245 2023 2291 non
2041 2218 2113 2292 hi
2171 2221 2330 2294 oriae
2344 2271 2369 2304 ‚
2386 2216 2539 2321 pris-

482 2339 837 2413 corumque
872 2319 1104 2392 rituum
1136 2318 1310 2390 utilis
1349 2326 1419 2392 δε
1440 2247 2028 2418 τοξυίὶειίερίἀὶῑεις.
2099 2325 2418 2394 Veterem
2454 2341 2534 2392 ac

409 2438 414 2443 ·
486 2413 655 2513 pene
691 2415 1031 2491 Barbaram
1055 2419 1136 2490 'in
1217 2416 1527 2492 uaetendis
1555 2414 1835 2491 scientiis
1853 2419 2175 2492 rationem
2190 2419 2482 2493 obtinent
2501 2448 2525 2492 ε

487 2520 512 2555 ⁸
534 2510 968 2616 Philosophiae
989 2444 1362 2593 incurribunt
1385 2577 1406 2604 ,
1437 2515 1885 2619 Theologiam
1903 2540 2125 2592 amant
2143 2567 2166 2605 ,
2197 2546 2329 2591 non
2356 2516 2524 2620 spet-

486 2636 651 2686 nunt
687 2623 938 2717 Legum
971 2627 1040 2692 &
1082 2624 1430 2693 Canonum
1466 2618 1785 2715 peritiam«
1886 2618 2017 2692 Sed
2064 2620 2207 2691 illas
2237 2616 2535 2693 scientias

485 2717 727 2786 Graeca
745 2717 1102 2815 Larinaque
1120 2717 1484 2789 eruditione
1502 2718 1786 2818 mitigari
1802 2717 2216 2818 indignantur
2234 2748 2256 2792 ε
2274 2741 2537 2817 putant-

486 2836 614 2908 que
657 2811 785 2882 hoc
824 2814 1025 2886 modo
1064 2812 1277 2888 fiicurn
1321 2816 1512 2898 addi,
1549 2841 1681 2917 quo
1694 2818 1968 2893 virilium
1986 2820 2308 2890 literatum
2323 2821 2526 2890 lines-

487 2929 710 2979 menta
729 2910 1125 3010 elangueant.
1185 2916 1313 2987 Vir
1333 2939 1536 3012 nuper
1551 2942 1684 2990 non
1707 2915 2000 3018 ignobilis
2015 2916 2080 2985 in
2094 2915 2300 2985 literis
2314 2911 2525 3014 fatuea·

488 3006 636 3080 eum
675 3007 753 3080 ab
791 3011 912 3097 iis,
955 3013 1180 3110 quibus
1213 3010 1592 3114 obsequium
1628 3016 1975 3098 addixerat,
2025 3010 2211 3107 jussus
2245 3010 2413 3085 effer.
2447 3019 2527 3092 in

2276 3114 2426 3188 His
2463 3142 2533 3191 a-

562 3235 588 3270 1
625 3220 908 3291 'Philofipbn‘ae
918 3220 1162 3272 innabant
1176 3253 1196 3281 ‚
1217 3221 1480 3292 Theologiam
1538 3240 1664 3275 anne
1680 3230 1751 3276 11.
1779 3222 2069 3295 romxgan'oe
2082 3229 2210 3293 Rege
2224 3257 2243 3282 ‚
2280 3226 2331 3274 δι
2348 3143 2532 3278 Εὔξει-

488 3288 682 3350 mann]
711 3289 1148 3341 stadialitterarum
1164 3289 1280 3358 apud
1295 3307 1379 3341 eos
1396 3291 1479 3343 etfi
1536 3291 1755 3352 censem,
1799 3308 1900 3361 qua
1947 3295 2008 3345 ab
2045 3295 2251 3343 Henrico
2278 3292 2534 3347 Cardiuale

491 3356 762 3405 excolantur
781 3389 800 3416 ,
841 3375 940 3409 non
970 3372 1128 3409 tamen
1156 3375 1214 3409 eo
1239 3360 1368 3411 cultu
1403 3361 1479 3409 ni·
1539 3360 1842 3412 institutaest.
1875 3363 2142 3415 Exoelluese
2154 3360 2227 3412 his
2243 3358 2530 3415 scientiisiu·

495 3435 599 3468 tent
612 3452 632 3478 ‚
647 3437 742 3486 quo
757 3425 805 3472 in
821 3428 1006 3477 Gallia:
1039 3443 1152 3478 narn
1167 3424 1194 3476 Ξι
1213 3430 1400 3489 Latina,
1428 3429 1477 3477 δε
1541 3442 1612 3479 ter
1628 3426 1865 3497 Hispanos
1895 3433 2131 3482 Avetro&
2147 3463 2165 3487 ,
2202 3430 2255 3479 δι
2273 3433 2525 3491 Avioenna.

499 3492 657 3536 Graeca
685 3490 844 3557 lingua
877 3494 1018 3546 averfi
1051 3493 1187 3545 sunt:
1219 3494 1392 3545 habent
1406 3509 1478 3545 ta·
1546 3498 1774 3565 Arriaga,
1806 3500 2047 3559 Tolenus,
2082 3503 2281 3556 Suara,
2329 3496 2532 3550 Heudo-

497 3570 611 3605 men
628 3558 879 3621 Gymnassa
912 3578 1012 3613 non
1026 3579 1198 3631 pauca,
1228 3564 1279 3612 δι
1297 3564 1477 3613 Acade·
1536 3566 1725 3622 za,&e.
1762 3562 2533 3636 salmanticensec,compluoen·

492 3624 613 3673 inias
631 3626 1475 3690 percelebres,maxime821manticen-
1540 3629 1702 3699 sesque
1731 3647 1783 3684 ut
1810 3633 1971 3685 meam
1990 3636 2043 3685 δι
2057 3632 2289 3702 plurimos
2308 3637 2531 3688 Domini-

497 3687 617 3747 scm‚
632 3693 681 3741 δε
698 3697 1110 3762 complutensem,
1126 3711 1178 3750 ut
1194 3696 1477 3748 Conimbri-
1538 3715 1684 3752 canos
1699 3699 1904 3753 celebres
1916 3734 1938 3762 ‚
1968 3702 2093 3752 inter
2117 3716 2239 3769 quos
2255 3703 2338 3756 ine
2355 3708 2536 3758 Θεω-

491 3756 897 3825 censemtaoeam,
917 3762 1478 3841 qraeinLufitanissJoj
1537 3765 2300 3848 teufisnoninediuulocossdet·
2427 3853 2454 3892 Ι
2477 3844 2510 3893 1

2507 3858 2543 3890 fl
