2738 4475
917 173 1418 250 ΡΑιε
1572 176 1635 246 1.
2191 172 2333 274 ῐι7

294 297 413 370 mel
449 295 758 371 breviore
795 294 913 370 fica
934 347 957 384 ‚
1000 300 1233 372 iterum
1266 297 1529 400 obliqua
1564 293 1712 398 fuga
1749 295 2037 395 pectoris
2074 295 2142 368 in
2173 301 2336 375 latus

288 396 504 469 averli.
563 396 837 469 tandem
876 399 1177 485 Callion,
1218 419 1287 469 ut
1324 400 1415 470 ira
1450 395 1674 492 justior
1705 395 2167 470 obfirmaverat
2200 426 2337 472 rna-

283 520 488 578 num‚
524 493 853 567 adversum
889 498 1235 569 violentius
1271 495 1491 569 ensem
1523 496 1796 593 repulit,
1825 495 2238 666 ςῐειάἰυητὲυο
2269 501 2338 570 in

285 618 439 663 crus
476 595 813 666 inimicum
850 597 1036 668 altius
1073 598 1453 694 imprimens
1475 643 1497 680 ‚
1534 593 1904 668 firmitatem
1925 593 2097 666 subci
2153 598 2200 664 ³t
2235 622 2343 667 ve-

295 690 499 786 stigii.
551 696 673 766 llle
691 714 917 792 corpus
939 724 1177 794 aegrum
1198 700 1265 766 in
1287 718 1518 768 terram
1542 696 1856 766 deducens
1878 722 2010 766 non
2032 694 2338 768 omiserat

293 790 513 864 ensem
533 842 555 872 ‚
577 792 679 866 sed
700 796 921 868 animo
943 798 1001 864 su
1013 824 1119 892 pra
1137 800 1301 864 vires
1325 792 1474 864 forti
1498 796 1866 864 Gallionem
1886 796 2113 866 iterum
2138 822 2340 866 voca-

291 890 403 960 bat
427 894 485 960 in
509 920 791 994 pugnam
815 950 833 976 ,
875 904 943 966 &⁷
969 892 1201 966 ferrum
1235 894 1428 964 debili
1452 920 1646 964 manu
1670 916 1877 964 rotans
1910 890 2172 966 fortunae
2208 898 2336 966 ini-

289 992 523 1086 quiotis
559 996 917 1092 imperium
961 996 1227 1092 negabat
1246 996 1614 1066 admittere.
1674 994 1924 1064 Contra
1956 994 2164 1064 νὶἂοι·
2186 1044 2208 1078 ,
2250 1018 2336 1064 ne

281 1087 745 1164 fortitudinem
767 1090 935 1160 suam
957 1094 1021 1162 in
1041 1094 1253 1166 odit-m
1277 1118 1534 1164 vocaret
1554 1140 1574 1172 ‚
1600 1094 1872 1190 negabat
1894 1090 1956 1164 se
1974 1094 2334 1182 adjuturum

279 1194 587 1288 urgentia
607 1192 945 1262 Fibullium
965 1190 1083 1264 fata
1093 1226 1113 1284 3
1129 1194 1668 1292 clementiamque
1688 1192 1948 1266 fovebat
1968 1194 2136 1264 nulla
2154 1196 2341 1294 ignaff

277 1292 407 1360 via:
433 1286 803 1386 suspicione
821 1292 1207 1362 damnatam.

385 1392 613 1484 Igitur·
647 1388 983 1484 postquam
1007 1392 1350 1458 Fibulliurn
1386 1392 1670 1460 exoravit
1696 1434 1719 1468 ῃ
1750 1416 1832 1462 ne
1864 1392 2034 1462 vinci
2078 1394 2340 1462 ulterius

277 1488 507 1554 vellet.
529 1532 551 1564 ‚
587 1486 829 1554 reducit
853 1488 919 1552 in
953 1488 1215 1556 domum
1237 1534 1259 1564 ‚
1305 1512 1376 1554 ac
1400 1490 1772 1558 mirantibus
1794 1490 1976 1560 nobis
1998 1490 2342 1562 infirmita-

291 1604 449 1650 tem
489 1586 687 1650 cruris
709 1638 727 1662 ‚
767 1584 831 1650 in
869 1586 1193 1654 culcitram
1213 1586 1429 1654 dextra
1452 1586 1526 1654 ad
1548 1582 1898 1676 scrupulum
1932 1614 2228 1684 parcente
2252 1616 2348 1660 re·-

295 1680 545 1776 ponit:
588 1680 851 1750 Deinde
889 1686 1087 1752 valvis
1123 1684 1488 1780 diligentius
1528 1688 1789 1754 munitis
1823 1688 2084 1756 redeunt
2106 1690 2172 1756 in
2206 1716 2352 1784 gra-

297 1782 473 1846 tiam
503 1828 521 1862 ,
541 1780 781 1848 crebris
805 1782 1201 1877 amplexibus
1221 1784 1536 1866 eiurantes
1564 1786 1944 1853 memoriam
1968 1790 2354 1856 certaminis,

289 1876 505 1950 Nihil
525 1904 606 1946 co
627 1874 881 1948 foedere
903 1882 1211 1978 integrius
1237 1882 1277 1950 si
1301 1882 1426 1950 hoc
1448 1885 1566 1952 alia
1590 1884 1852 1952 vic‘tima
1872 1908 2060 1980 quam
2086 1908 2232 1954 meo
2256 1910 2358 1954 ca·-

292 1980 436 2070 pite
457 1974 815 2048 sanxiss'ent.
877 1982 1057 2050 Nam
1077 1980 1227 2050 dum
1263 1980 1518 2050 amabili
1556 1984 1890 2078 colloquio
1924 1984 2186 2078 periculi
2210 2010 2354 2052 cau·-

301 2072 393 2142 sas
431 2098 733 2174 repetunt
753 2124 771 2156 ‚
815 2102 933 2148 nec
956 2080 1039 2148 de
1063 2078 1123 2148 se
1145 2080 1414 2176 amplius
1432 2128 1452 2160 ,
1491 2078 1596 2150 sed
1616 2082 1696 2150 de
1716 2078 1962 2150 fortuna
1982 2106 2342 2182 queruntur:

309 2176 483 2266 Qid
503 2200 715 2246 autern
739 2226 759 2258 ,
780 2176 987 2276 inquit
1005 2228 1027 2262 ‚
1055 2178 1317 2248 Callion
1340 2228 1360 2256 ‚
1386 2180 1536 2250 inte
1562 2176 1748 2250 miser
1770 2178 2170 2276 Euphormio
2190 2208 2348 2280 pec-

309 2297 597 2355 caverat,
641 2303 833 2375 quem
865 2280 1061 2347 etiam
1083 2280 1207 2347 tuis
1241 2280 1616 2351 olimliteris
1640 2278 1800 2351 mihi
1834 2280 2188 2353 chariorem
2224 2282 2348 2353 ess'e

305 2375 615 2445 volebas?
671 2379 801 2445 l-lic
825 2377 1129 2445 Fibullius
1153 2425 1173 2455 ‚
1219 2399 1283 2447 ut
1301 2379 1718 2447 acerbitatem
1745 2381 2016 2449 vulneris
2042 2407 2192 2451 meo
2214 2385 2354 2451 vel-

313 2473 417 2537 uti
439 2467 569 2539 fato
587 2473 815 2541 leniret
841 2521 867 2553 ,
897 2475 1089 2543 docet
1111 2475 1145 2543 Ξι
1167 2499 1265 2545 me
1281 2477 1566 2547 oblatum
1590 2479 1940 2547 temedium
1960 2525 1982 2557 ,
2006 2479 2174 2575 quod
2200 2527 2224 2559 ,
2256 2481 2356 2547 in-

323 2567 505 2661 quit,
551 2569 763 2637 morbi
799 2571 927 2639 mei
961 2575 1394 2659 atrocitatem,
1440 2601 1520 2647 ne
1556 2577 1710 2671 quid
1746 2577 2052 2657 mentiar,
2088 2573 2354 2645 distulit.

325 2669 551 2735 Tuum
573 2687 783 2737 autem
807 2715 831 2749 ‚
863 2671 1037 2763 quod
1060 2693 1386 2771 tantopere
1408 2675 1972 2745 commendaveras
1991 2723 2010 2751 ,
2034 2677 2200 2745 ultro
2218 2677 2362 2745 irri-

329 2765 401 2833 fit
425 2765 829 2863 nequissimus
853 2765 1291 2869 servus,neque
1315 2775 1350 2843 εὶ
1370 2797 1436 2845 te
1456 2777 1620 2871 prius
1640 2777 1852 2847 literas
1872 2777 2358 2875 tradidit,qnam

324 2861 441 2935 suae·
465 2863 747 2961 perfidiae
773 2891 983 2937 meam
1007 2871 1428 2943 valetudinem
1452 2873 1878 2969 persnifissiem.
1918 2881 2220 2969 Cumque
2244 2877 2364 2943 ali—

325 2967 691 3061 quantulum
731 2967 935 3035 levata
973 2971 1126 3037 mali
1159 2971 1458 3041 violentia
1494 2975 1774 3043 inducias
1810 2999 2064 3043 mecum
2100 2971 2362 3051 faceret,

327 3061 485 3133 hanc
507 3063 847 3159 epistolam
867 3111 887 3145 ,
923 3091 1111 3163 quam
1131 3069 1303 3139 tibia
1333 3095 1434 3139 me
1456 3073 1728 3143 reddi-:lit
1760 3069 2024 3162 (fateor)
2048 3095 2112 3139 ut
2136 3069 2364 3141 scribe-

329 3185 503 3243 rem,
543 3167 791 3259 ingenti
835 3165 1119 3235 sanitatis
1157 3167 1462 3263 promiss'o
1500 3171 1838 3265 compulit.
1898 3169 2074 3257 Quid
2110 3171 2364 3241 audacia
2424 3228 2431 3238 ,

325 3259 521 3331 verba
555 3259 865 3355 πεῖραι-ης
915 3265 1071 3363 quid
1112 3265 1366 3339 subtiles
1404 3265 1654 3337 sceleris
1696 3287 1896 3341 artes,
1932 3269 2368 3367 talentumque

323 3361 505 3433 velut
528 3365 897 3435 coemendis
921 3365 1410 3435 medicamentis
1432 3369 1806 3437 emmaum
1830 3363 1866 3433 ?
1904 3369 2156 3438 Miraris
2176 3371 2370 3467 igitur

319 3483 433 3531 me
468 3461 635 3529 illius
655 3487 847 3555 poena
863 3463 1146 3561 gavisum
1167 3513 1189 3543 ‚
1230 3467 1265 3535 Ξι
1285 3491 1422 3563 quo
1438 3463 1785 3535 foediffime
1808 3463 2050 3537 delusus
2072 3465 2202 3537 sum
2226 3519 2246 3551 ‚
2288 3469 2372 3539 fic

210 3644 219 3652 .
315 3561 451 3651 jam
477 3583 543 3629 ut
569 3585 671 3629 me
695 3563 1085 3633 crudelitatis
1109 3589 1269 3635 meae
1293 3563 1574 3661 pudeat?
1618 3567 1790 3633 Nam
1816 3565 2214 3635 redeuntibus
2238 3567 2380 3637 (hb-

313 3658 475 3731 inde
507 3665 851 3735 tormentis
879 3711 899 3743 ,
937 3663 1215 3761 graviori
1237 3685 1416 3737 metu
1438 3661 1734 3757 peridem
1770 3689 1848 3733 nc
1866 3663 2086 3739 infelix
2112 3667 2378 3767 late-rum

1354 3767 1428 3832 H
1492 3787 1524 3853 3
2225 3761 2404 3831 letti·
