2738 4475
838 237 1528 360 P.ARSV·
2063 282 2211 380 637

183 414 280 461 tna
296 401 463 458 Lunae
481 416 688 458 cornua
706 437 725 464 ‚
755 400 953 473 &jam
987 399 1272 456 montium
1306 400 1532 457 vertices
1563 396 1630 456 ad
1652 394 1879 455 Aurorae
1894 395 2033 456 tofis
2048 400 2215 458 rube-

188 473 336 538 bant.
392 479 511 556 Ego
525 496 657 536 cum
677 464 991 553 Alitophilo
1005 475 1317 535 affenseram
1336 470 1603 553 Eurybati
1624 476 1830 551 nuptiis
1845 514 1861 540 ‚
1891 478 1948 535 δι
1962 477 2080 552 post
2093 478 2228 537 dila-

185 558 365 626 tiones
380 557 596 637 aliquot
614 555 961 613 matrimonii
973 553 1241 613 solemnia
1262 555 1693 613 celebrabantur.
1755 553 2097 631 Praecipitata
2111 575 2231 628 rur-

184 631 309 696 sum
340 635 451 692 dies
480 633 764 712 tegebatur
791 634 942 710 aquis
959 672 975 697 ‚
1018 639 1074 694 δε
1101 631 1291 692 ferales
1316 633 1551 692 tenebrae
1566 631 1632 690 ab
1645 629 1842 689 iisdem
1856 630 2221 692 surrexerant.

183 713 410 789 Incepta
425 713 499 770 est
515 732 610 789 per
627 710 990 771 Celadontem
1008 709 1203 769 seditio
1220 753 1238 778 ,
1257 715 1311 772 &
1326 712 1519 769 omnia
1536 709 1836 769 secundum
1859 712 2230 771 narrationem

185 794 380 858 matris
410 787 517 850 tuae
545 785 867 867 subsequuta
896 789 1024 848 sunt
1042 828 1061 855 ,
1107 790 1208 847 nifi
1230 790 1385 868 quod
1413 790 1595 849 adhuc
1608 791 1736 847 vivo
1753 785 2260 863 extraludibrium-

187 872 408 935 mortis.
426 875 478 931 δε
494 881 798 928 'extremam
824 869 941 926 vim
960 869 1237 945 Eurybati.
1280 865 1582 927 Enimvero
1615 865 1926 926 defectione
1950 867 2228 925 Celadon·

186 951 261 1008 tis
291 948 540 1027 vulgata,
583 946 853 1005 crescente
881 946 1128 1005 tumultu
1160 945 1451 1022 suspicatus
1485 950 1655 1006 Atrax
1685 944 1884 1004 cunEta
1914 946 1975 1004 in
1988 946 2231 1005 deterius

189 1025 400 1105 lapsura
429 1027 470 1085 si
498 1045 591 1083 me
616 1027 912 1101 praemium
944 1025 1186 1084 vidtoriae
1218 1032 1273 1086 &
1307 1024 1523 1084 causam
1547 1025 1681 1083 belli
1698 1039 1823 1082 aute
1838 1026 2028 1082 oculos
2046 1025 2231 1084 rivalis

187 1101 484 1183 superstitis
498 1104 817 1181 reliquisset,
831 1103 990 1161 tonso
1005 1101 1206 1182 capillo
1222 1143 1240 1169 ,
1259 1103 1450 1182 caligis
1466 1144 1482 1169 ‚
1500 1099 1810 1181 pallioque,
1861 1105 1930 1164 &A
1953 1103 2102 1180 pileo
2119 1144 2137 1169 ,
2165 1106 2228 1164 in

187 1177 487 1242 masculam
511 1202 602 1241 me
621 1182 944 1240 reformavit
959 1181 1156 1242 faciem
1176 1222 1194 1249 ,
1226 1180 1578 1258 praesentium
1612 1179 1983 1240 calamitatum
2002 1181 2230 1248 sociam,

186 1263 573 1339 comitemque
588 1259 724 1320 servi
743 1258 961 1319 domini
979 1262 1241 1330 ferociam
1260 1262 1545 1339 fugientis.
1587 1260 1732 1332 Quis
1763 1261 1916 1318 enim
1952 1259 2120 1319 miser
2147 1275 2235 1318 re-

185 1338 335 1400 cuset
365 1340 675 1418 periculum
710 1339 861 1418 quod
892 1339 1076 1398 salutis
1092 1340 1252 1417 spem
1270 1339 1545 1398 ostendit?
1587 1339 1634 1395 E
1661 1336 1875 1396 diverso
1905 1337 2231 1398 formofiffi-

184 1438 354 1478 mum
382 1416 779 1488 adolescentem
826 1419 1018 1494 (quem
1048 1417 1271 1475 lieentia
1300 1417 1467 1494 stupri
1501 1417 1709 1474 Atracis
1738 1416 1968 1475 fratrem
2003 1416 2232 1492 fecerat)

186 1491 341 1557 ineas
372 1496 542 1554 vestes
568 1496 772 1554 induit.
830 1498 900 1552 Et
935 1509 996 1551 ut
1013 1495 1250 1566 arbitror
1264 1495 1734 1571 Eurybatusinter
1745 1495 1977 1553 insultus
1994 1494 2232 1563 hostiles,

186 1578 246 1635 δ’.
265 1574 516 1651 proprios
528 1588 728 1638 metus,
747 1565 1101 1631 men‘daciur'n
1117 1592 1232 1632 non
1249 1571 1422 1632 senfit.
1465 1574 1736 1651 Deceptus
1751 1588 1887 1633 noto
1902 1566 2096 1633 habitu
2112 1612 2130 1640 ,
2155 1575 2236 1633 ita

191 1651 571 1729 desperatione
590 1688 608 1711 ‚
623 1653 678 1709 δε
691 1650 945 1715 tenebris,
961 1669 1091 1709 cum
1109 1652 1305 1710 omnia
1318 1650 1420 1712 alia
1433 1665 1606 1718 curat,
1623 1665 1820 1731 praeter
1836 1653 2009 1712 vitam
2027 1671 2235 1720 meam.

191 1732 454 1789 animum
472 1729 638 1786 etiam
656 1727 896 1804 perdidit
910 1744 1003 1793 ‚ut
1021 1749 1112 1786 me
1129 1731 1396 1806 perderet.
1456 1731 1546 1788 Sic
1575 1732 1854 1807 perculsus
1879 1735 1935 1790 ac
1967 1731 2235 1804 attonitus

190 1806 593 1947 pdolescaegtem
621 1825 723 1884 pro
745 1809 979 1887 conjuge
994 1847 1013 1874 ‚
1064 1803 1591 1886 Orpheotelelestam
1621 1827 1727 1888 pro
1757 1808 2023 1869 Chloride
2052 1807 2233 1868 furori

220 1905 296 1946 uo
327 1903 387 1942 m
476 1887 605 1943 avit.

280 1963 498 2022 Adhaec
515 1964 572 2021 in
614 1964 848 2024 uietatus
860 1964 1093 2040 piscator
1110 2004 1128 2030 ,
1158 1967 1305 2045 Ergo
1320 2006 1337 2032 ,
1353 1984 1466 2031 me,
1482 1966 1687 2044 inquit.
1705 1967 1876 2025 Atrax
1892 1963 2126 2044 impune
2143 1967 2240 2027 de·

186 2038 422 2103 luserit!
442 2038 539 2099 ille
558 2041 594 2099 fi
618 2044 736 2101 ium
756 2061 976 2107 meum,
991 2042 1081 2101 ille
1092 2041 1400 2104 deficientis
1417 2043 1693 2110 solatium,
1709 2047 1974 2121 rapuerit,
1985 2047 2239 2121 perdide-

188 2123 237 2180 ri
244 2115 288 2178 t'!
311 2115 380 2178 Vi
388 2120 469 2179 vit
488 2119 745 2186 adhuc,&
760 2118 1080 2180 sceleratum
1098 2122 1353 2180 animum
1369 2123 1626 2182 scelerato
1641 2142 1875 2200 corpore
1886 2119 2234 2202 circumferti

194 2198 520 2278 Aliquando
550 2219 645 2257 me
677 2213 865 2259 totum
905 2202 1157 2259 vicerunt
1175 2199 1444 2267 miserioe,
1477 2207 1534 2263 δι
1565 2203 1659 2260 Dii
1679 2195 1956 2260 malorum
1975 2202 2241 2263 nestora!

191 2279 321 2359 jam
339 2276 539 2337 frassus
556 2278 827 2338 dilabatur
843 2278 994 2337 orbis
1009 2319 1027 2344 ,
1059 2282 1114 2337 δι
1132 2317 1149 2343 ,
1180 2278 1223 2336 fi
1240 2279 1567 2337 mortalibus
1585 2281 1719 2338 licet
1734 2279 1996 2339 beneficia
2012 2284 2240 2361 Natura,

192 2375 554 2435 corrumpere
568 2397 587 2421 ‚
618 2357 830 2416 recedat
845 2358 956 2416 vita
979 2396 995 2422 ‚
1028 2376 1152 2435 quae
1169 2356 1496 2415 calamitosis
1514 2357 1838 2416 hominibus
1853 2378 1955 2437 pro
1967 2359 2239 2439 supplicio

195 2429 306 2494 esse
320 2432 456 2513 solet
474 2437 488 2488 Ξ
509 2438 625 2492 Hac
639 2434 1037 2493 exclamatione
1055 2436 1282 2494 lacerata
1295 2437 1490 2494 rustica
1505 2437 1683 2515 virgo,
1689 2437 1897 2514 juravit
1920 2438 2239 2500 relieturam

196 2512 254 2571 se
274 2508 598 2571 invidiosam
620 2513 990 2570 narrationem
1008 2551 1027 2575 ‚
1054 2530 1123 2569 ne
1140 2512 1284 2570 forte
1301 2514 1538 2573 recentia
1552 2516 1699 2574 mala
1714 2516 1875 2575 novis
1888 2531 2243 2592 augerentur.

197 2594 257 2651 &
277 2589 515 2666 hospites
529 2588 652 2646 suos
666 2587 855 2647 odioso
869 2589 1111 2647 turbaret
1123 2586 1312 2649 officio
1331 2622 1348 2651 =.
1391 2592 1457 2649 ad
1491 2594 1643 2671 quod
1677 2592 1730 2651 se
1745 2607 1935 2652 mente
1949 2592 2239 2672 simplicis·
2311 2630 2316 2637 ·

199 2671 338 2727 fima
355 2705 373 2730 ‚
408 2672 463 2727 &
478 2667 626 2724 bona
651 2666 757 2725 fide
774 2704 792 2727 2
820 2666 1125 2743 faciliorem
1144 2666 1197 2726 se
1214 2667 1532 2728 futurorum
1553 2670 1729 2730 nescia
1742 2670 2062 2750 praebuisset.
2118 2674 2240 2731 Re-

201 2746 469 2803 nunciare
501 2744 737 2803 st‘male
756 2743 1007 2804 fidelibus
1021 2747 1189 2805 armis
1204 2786 1221 2813 ‚
1254 2751 1308 2808 &
1327 2747 1495 2806 nudas
1510 2767 1706 2809 manus
1719 2748 2014 2887 pefiusque
2028 2751 2244 2810 inerme

204 2823 272 2887 ad
292 2841 518 2900 poenam
534 2822 798 2899 proferre.
858 2829 934 2882 At
949 2842 1056 2903 ego
1074 2864 1090 2889 ,
1105 2825 1277 2901 quiin
1292 2825 1560 2885 Chloride
1577 2847 1701 2889 mea
1741 2829 2034 2889 aborabam
2054 2870 2072 2897 ,
2103 2829 2241 2888 hor-

148 2944 154 2951 .
199 2905 304 2960 tari
325 2903 472 2978 coepi
496 2899 821 2978 piscatorem
840 2944 856 2968 ,
892 2922 960 2962 ne
978 2899 1406 2979 perseveras-etin
1422 2905 1753 2981 supervacuo
1806 2910 2002 2968 emitu.
2064 2911 2240 2967 Tem·

194 2984 346 3058 poris
375 2999 597 3039 moram
631 2980 804 3039 solere
835 2996 1049 3039 mentes
1064 2978 1343 3041 doloribus
1355 2984 1683 3045 exulceratas
1699 2987 1762 3044 ad
1873 2988 2066 3046 itatem
2084 3006 2245 3046 revo-

194 3079 334 3120 care.
395 3062 627 3118 Scenam
664 3059 985 3119 muneribus
1014 3059 1349 3138 gladiatoriis
1376 3062 1690 3141 frequenter
1720 3064 2015 3142 distingui,
2056 3080 2120 3123 ut
2133 3085 2239 3124 vo·

197 3136 432 3217 luptates
467 3157 602 3196 nece
633 3140 688 3197 δε
714 3137 976 3217 sanguine
1007 3138 1358 3198 condiantur.
1431 3144 1563 3199 Cito
1588 3141 1877 3218 subrepere
1913 3142 2236 3203 infortunia.

196 3220 409 3277 Bonam
426 3215 746 3278 fortunam,
784 3217 1066 3281 difficilem
1084 3218 1348 3285 inventu,
1391 3221 1663 3278 redtorem
1698 3220 2009 3298 ducemque
2035 3219 2238 3279 defide-

200 3312 322 3353 rare
342 3331 358 3358 ‚
388 3292 661 3353 adversam
698 3298 882 3354 venire
902 3297 1053 3354 ultro
1066 3298 1234 3354 etiam
1255 3310 1450 3356 contra
1466 3294 1793 3357 miserorum
1817 3312 2029 3357 votum.
2071 3300 2241 3361 Daret

201 3372 316 3431 hoc
332 3376 587 3429 extremo
601 3373 782 3431 dolori
797 3387 859 3433 ut
872 3374 1279 3454 aliquantulum
1301 3390 1536 3435 taceret.
1580 3394 1712 3434 cum
1746 3375 2070 3447 in‚summis
2096 3378 2240 3437 cala-

201 3449 494 3510 mitatibus
522 3449 797 3510 silentium
828 3451 1027 3510 melius
1055 3454 1226 3532 fletu,
1251 3452 1537 3531 verbisque
1554 3493 1570 3518 ‚
1605 3450 1827 3513 affeclus
1859 3475 1983 3515 vere
1997 3474 2243 3516 moeren·

201 3532 276 3590 tis
293 3529 586 3604 exprimat.
629 3524 1046 3605 Evaporationes
1074 3530 1299 3590 humidi
1328 3530 1636 3606 splendores
1664 3547 1883 3591 tantum
1901 3536 2145 3595 minaces
2158 3537 2238 3595 ci·

200 3621 289 3666 tra
304 3605 502 3667 sonum
523 3607 810 3686 iEtumque
826 3628 1068 3667 movere.
1123 3607 1513 3668 Exhalationes
1541 3628 1668 3665 vero
1686 3611 1932 3670 fieciores
1946 3629 2237 3684 terrarum,

199 3686 445 3747 fulmina
472 3684 680 3747 facere,
711 3690 765 3745 δε
796 3690 1116 3765 exprimere.
1172 3690 1282 3746 Ubi
1315 3686 1678 3747 consumserit
1705 3691 1957 3749 aculeum
1977 3691 2136 3752 suum
2153 3714 2238 3752 re·

196 3785 333 3824 cens
347 3763 526 3824 dolor,
544 3767 599 3822 δι
614 3765 826 3841 primus
842 3781 1028 3842 torpor
1043 3763 1338 3827 reddiderit
1354 3764 1528 3823 sensus
1541 3805 1558 3830 ,
1591 3762 1814 3827 usurum
1849 3770 2011 3830 illum
2025 3774 2241 3831 rationo

192 3844 327 3909 sua,
356 3847 412 3909 ὃς
448 3841 486 3900 fi
517 3854 652 3902 tunc
680 3844 892 3923 placeat
917 3844 1199 3905 dicturum
1231 3847 1288 3905 in
1324 3842 1646 3924 praesentem
1678 3848 2044 3913 calamitatem
2077 3849 2243 3927 quid-

2099 3927 2240 4005 quid
