2738 4475
905 171 962 248 P
1058 196 1109 248 Α
1207 197 1271 250 ιι
1373 174 1411 249 ἒ
1539 181 1601 250 1.
2156 202 2215 281 7¹
2274 186 2283 191 “

227 296 376 381 foliis
396 346 423 386 ‚
452 300 739 402 piloque
771 297 866 372 ita
898 298 1079 371 brevi
1105 345 1128 380 ,
1165 320 1236 371 ut
1271 325 1455 398 paene
1490 297 1769 373 curiosos
1786 301 2030 374 oculo·
2066 209 2255 395 fanatz

224 405 416 474 crenis
449 404 742 503 denique
774 397 1067 471 tenuibus
1089 447 1113 484 ,
1150 404 1214 471 δι
1233 397 1399 497 saepe
1415 402 1486 473 in
1501 395 1795 472 obtusam
1813 398 2104 497 speciem
2121 427 2255 473 oras

220 499 581 573 secantibus
604 555 627 585 ,
667 498 1079 572 mediocriter
1112 495 1389 597 assurgit.
1444 500 1663 572 Radix
1682 496 2002 599 caulisque
2032 502 2275 602 ligneas

218 596 626 672 subtiliorem
645 597 890 672 succum
908 599 975 668 in
998 596 1263 669 herbam
1281 594 1690 671 transferunt.
1749 607 1765 637 ¹
1786 600 2011 673 Planta
2048 605 2147 674 ad·
2168 605 2273 674 in-

272 700 491 771 cuium
523 719 702 772 terrae
734 722 902 769 nunc
922 696 1262 777 cubitalis,
1293 699 1674 800 plerumque
1690 700 2115 786 eminentior,
2171 704 2275 773 in·

221 724 1163 996 {ggsszssifflstflsffl
1178 796 2145 999 ztzmaega‘ss‘sssissfflssezz
2165 810 2268 973 ἕ

701 949 708 954 .
1102 940 1130 976 ‚
2234 941 2269 962 .

228 996 389 1069 vinae
408 998 652 1071 virtutis
671 995 769 1070 est
790 1042 815 1079 ,
854 992 984 1067 five
1000 994 1167 1093 quod
1182 1021 1307 1094 prae
1374 995 1545 1068 antis
1562 996 1804 1069 metakli
1824 1001 2109 1072 colorem
2130 1002 2270 1073 exi·

307 1097 323 1112 '
347 1094 529 1170 floris
567 1094 871 1171 venustas
906 1096 1241 1168 aemulatur.
1301 1099 1634 1170 Caeterum
1656 1095 1990 1170 contusum
2009 1100 2081 1171 in
2097 1103 2269 1172 reni-

213 1121 323 1269 fi:
356 1199 685 1271 calculum
723 1196 1135 1267 ininnoxium
1156 1196 1481 1294 pulverem
1504 1195 1713 1272 solvit.
1770 1200 1934 1270 Non
1954 1199 2267 1285 inlatere,

208 1318 342 1368 non
375 1299 453 1369 in
471 1297 681 1370 vefica
700 1295 921 1367 dolor:
961 1294 1127 1366 adeo
1145 1316 1219 1363 ut
1238 1315 1368 1365 tam
1387 1290 1553 1369 facili
1570 1295 1863 1369 remedio
1886 1297 2121 1397 pudeat
2140 1304 2268 1372 cal-

201 1398 430 1470 culum
442 1394 757 1469 timuiss'e.
803 1396 1075 1466 Etenim
1095 1393 1167 1463 in
1183 1390 1483 1489 hyemem
1496 1395 1763 1467 siccatur
1780 1394 2005 1471 aestivis
2021 1399 2266 1471 unibris

194 1496 446 1592 planta
460 1541 483 1576 ,
521 1505 592 1568 δι
633 1493 744 1564 ubi
760 1493 1033 1588 gravitas
1048 1492 1264 1562 lateris
1282 1495 1622 1563 coeuntem
1644 1491 1936 1566 morbum
1955 1494 2268 1598 praesagit,

199 1616 458 1665 aureus
489 1593 707 1692 pulvis
739 1590 818 1660 ad
851 1585 1226 1659 drachmam
1260 1614 1446 1662 mero
1477 1591 1794 1664 delibutus
1812 1588 2069 1667 sumitur
2088 1644 2112 1681 ,
2142 1598 2269 1671 (ive

198 1717 361 1768 ovo
377 1691 703 1766 levissime
720 1688 915 1760 εοᾶο
941 1688 1308 1786 permixtus.

285 1844 294 1851 -
328 1791 467 1868 Sed
502 1787 671 1864 mibi
706 1791 991 1859 nonerat
1010 1786 1091 1858 ad
1112 1812 1371 1861 manum
1393 1808 1525 1861 tam
1550 1784 1863 1887 pretiosus
1882 1791 2108 1887 pulvis.
2153 1799 2286 1866 lta-

202 1915 347 1993 que
358 1911 700 1964 recentem
718 1885 923 1959 adhuc
941 1885 1207 1959 herbam
1227 1887 1427 1981 jubeo
1449 1888 1794 1960 Fibullium
1815 1890 2134 1965 mandere.
2165 1896 2291 1966 Ni-

207 1994 306 2069 hil
322 2017 408 2066 eo
424 1990 534 2063 die
548 1986 753 2061 visum
773 1982 866 2058 est
887 1984 964 2057 ad
985 1987 1290 2059 morbum
1306 1986 1519 2060 fecisse
1556 1989 2096 2063 medicamentum
2120 2018 2139 2062 :
2175 1991 2279 2067 sed

215 2091 418 2165 biduo
457 2088 693 2163 deinde
728 2087 1071 2184 repetitum
1095 2136 1119 2172 ,
1157 2082 1339 2185 supra
1361 2085 1555 2160 fidem
1573 2086 1672 2159 est
1690 2113 1883 2187 quam
1901 2094 2160 2193 egregie
2180 2120 2275 2167 re·
2332 2116 2343 2129 ²

221 2187 456 2265 fellerit
487 2185 955 2264 acerbiffimum
976 2185 1277 2259 morbum
1298 2214 1317 2258 t
1357 2182 1639 2260 sordidus
1658 2190 1864 2287 pulvis
1884 2189 2133 2266 abunde
2150 2219 2271 2268 ve·-

113 2365 116 2366 γ
218 2291 415 2366 sicam
428 2287 813 2363 exonerabat
830 2337 852 2370 ,
874 2283 1341 2388 coenosumque
1354 2286 1715 2361 saccharum
1738 2315 1922 2387 paene
1942 2289 2263 2393 sanguinis

213 2393 508 2490 imagine
525 2387 863 2489 pingebat.
1870 2467 1875 2470 ,

326 2494 483 2581 jam
499 2489 862 2561 ventriculo
877 2484 1059 2556 robur
1075 2485 1339 2559 redierat
1356 2538 1381 2573 ‚
1399 2489 1531 2580 jam
1550 2485 1814 2583 corpori
1832 2486 1957 2558 toti
1975 2488 2182 2588 vigor,
2205 2498 2278 2563 δε

219 2586 408 2662 mibi
443 2587 524 2657 ad
557 2582 1016 2683 perfeffionem
1056 2587 1204 2656 artis
1237 2588 1503 2659 medicae
1524 2583 1655 2656 sola
1671 2583 1887 2656 deerat
1903 2585 2148 2671 laurea,
2205 2597 2278 2663 δε

216 2685 526 2786 emptitii
555 2682 911 2758 testimonii
939 2682 1141 2766 liber,
1172 2709 1313 2757 cum
1348 2686 1384 2756 a
1418 2685 1723 2756 Callione
1757 2685 2104 2760 redduntur
2121 2694 2279 2764 Pen-

211 2789 402 2860 eanti
418 2787 659 2859 litterae
676 2833 702 2871 ,
744 2780 810 2855 se
827 2783 864 2860 ὲ
887 2784 1182 2881 Principe
1199 2785 1276 2855 ad
1302 2786 1643 2857 Labetrum
1664 2785 1878 2871 mitti,
1916 2810 1990 2858 ea
2029 2815 2273 2892 pompa

212 2914 364 2990 quae
394 2908 743 2985 utrumque
776 2884 1057 2979 deceret.
1127 2886 1272 2957 Nos
1306 2909 1496 2983 quam
1530 2885 1803 2984 primum
1838 2883 2275 2986 sequeremur.

217 2991 332 3062 vei
348 2988 427 3060 ad
441 2987 794 3061 Fibullium
812 3041 837 3070 ,
869 2982 913 3056 fi
937 2979 1336 3056 consensisset
1351 3040 1371 3068 ,
1397 2984 1577 3056 laturi
1595 2984 1897 3081 poculu'm
1920 3039 1942 3067 ,
1965 2988 2071 3056 vel
2092 2986 2282 3059 ador-

218 3088 439 3161 naturi
471 3082 838 3188 magnificae
881 3083 1113 3157 domus
1152 3081 1528 3182 superbiam.
1583 3087 1763 3155 Tum
1784 3081 1825 3151 a
1844 3082 2126 3154 Fibullio
2142 3086 2282 3184 epi-

221 3184 470 3259 stolam
501 3186 577 3258 ad
606 3186 985 3260 Gallionem
1020 3185 1333 3280 impetro,
1369 3207 1492 3282 qua
1508 3176 1573 3252 se
1591 3181 1844 3279 ingenti
1863 3180 2171 3257 miraculo
2186 3184 2282 3257 sa-

219 3304 459 3360 natum
473 3283 912 3367 confirmabat,
933 3290 999 3357 δι
1020 3286 1324 3383 quoniam
1342 3279 1542 3353 semel
1565 3278 1861 3351 Numina
1877 3303 2092 3354 curam
2107 3283 2276 3386 egis-

220 3383 375 3458 sent
407 3378 528 3456 suae
561 3386 927 3459 valetudinis
949 3436 973 3473 ,
1011 3386 1190 3456 nolle
1221 3378 1650 3455 eaoffendere
1670 3378 1860 3448 alieni
1880 3382 2090 3453 auxilii
2111 3389 2281 3458 mix-

213 3504 388 3558 tura.
444 3484 650 3585 Igitur
674 3489 939 3587 gratiam
976 3483 1214 3562 habere
1253 3479 1461 3552 oblati
1494 3473 1989 3565 medicamenti,
2037 3486 2102 3552 δι
2158 3485 2277 3584 ipsi

2108 3609 2275 3681 prae-

293 3723 318 3758 r
351 3709 519 3758 Plau
545 3705 970 3780 adige-innume
1001 3725 1118 3759 nnnc
1144 3723 1218 3756 σι-
1245 3701 1526 3818 Ιφκνίιςο
1551 3697 1912 3767 aureadicitur,
1939 3702 2187 3754 &calculo
2210 3703 2283 3751 la·

207 3771 380 3844 aaa,
398 3771 538 3847 cra]
578 3780 874 3842 Marionem
905 3778 1028 3835 facit
1049 3778 1227 3847 planta
1279 3770 1509 3825 borantes
1522 3764 1671 3826 sanat.
2093 3844 2120 3877 ι
2166 3801 2277 3888 hp.
