2738 4475
881 289 934 358 P
1041 306 1089 356 Α
1192 303 1249 358 R
1311 300 1417 355 's‘
1474 283 1618 355 IV.
1696 307 1701 314 ·
1888 275 1925 304 ³
2114 300 2269 374 449

210 384 438 485 populi
476 380 765 456 moribus
803 378 987 455 factis
1010 385 1087 462 ad
1110 384 1310 456 nostri
1329 382 1526 454 seculi
1545 378 1942 454 venustatem
1964 423 1989 458 ‚
2029 383 2091 451 δι
2116 378 2267 450 hinc

207 486 564 584 aliquando
596 480 858 555 saeviora
891 484 1174 584 ingenia.
1259 479 1633 556 Diversoria
1680 479 2061 577 peregrinos
2093 477 2267 550 exci-

207 587 439 682 piunt,
482 586 683 684 longe
718 584 755 655 a
793 582 1147 656 nostrarum
1170 602 1480 654 terrarum
1499 582 1764 652 ratione.
1841 577 2276 651 Deducuntut·

205 687 286 754 in
301 680 516 756 sedem
538 707 676 781 quae
692 684 901 755 inanis
923 734 947 771 ,
1002 692 1066 757 δε
1106 685 1483 780 plerumque
1517 677 1804 778 perfossis
1841 678 1920 748 ad
1944 677 2275 774 accipien-

210 782 373 855 dum
395 786 617 854 lumen
637 783 1013 879 parietibuS,
1047 785 1257 856 ventis
1280 804 1537 880 quoque
1562 788 1625 852 &
1649 778 1867 877 hyemi
1888 798 2092 873 patet,
2111 775 2271 851 nulli

206 883 449 980 quibus
469 880 848 954 decumbant
867 884 1020 955 lecti
1037 938 1060 968 ‚
1101 907 1233 953 non
1252 883 1466 966 erefia
1488 880 1567 952 ad
1587 882 1804 974 epulas
1828 875 2041 951 mensa
2064 933 2081 960 ,
2118 879 2268 947 lon-

207 1006 313 1078 go
335 1005 405 1051 ac
427 982 759 1077 multiplici
776 984 962 1055 clavo
984 983 1185 1081 paries
1209 979 1367 1053 fixus
1386 980 1497 1052 est.
1572 980 1719 1052 Illic
1756 975 2038 1074 hospites
2074 973 2265 1050 sarci-

205 1105 334 1151 nas
354 1080 845 1179 quashabentin
865 1081 1161 1154 ordinem
1183 1080 1576 1179 appendunt.
1615 1079 1833 1150 Multo
1853 1076 2085 1150 deinde
2108 1075 2262 1149 stra·

202 1197 438 1254 mento
459 1177 760 1264 sternitur
777 1177 1025 1277 solum3
1076 1187 1141 1253 δι
1163 1179 1287 1253 hoc
1310 1182 1378 1253 in
1400 1180 1529 1251 illis
1549 1173 1909 1250 diversoriis
1934 1202 2053 1273 pro
2067 1174 2265 1248 thoro

194 1279 320 1353 est.
347 1320 354 1330 ·
404 1285 635 1379 Itaque
674 1304 789 1378 per
817 1283 992 1356 illam
1025 1283 1363 1380 regionem
1405 1273 1743 1374 proceffuri
1760 1326 1782 1358 ,
1820 1278 1895 1349 ad
1935 1279 2056 1348 iter
2088 1276 2180 1348 ita
2196 1274 2262 1352 sc

192 1401 581 1477 comparant
601 1426 626 1462 ,
664 1379 837 1478 quast
858 1381 1125 1454 domum
1145 1378 1646 1452 circumducant.
1699 1377 1874 1449 cibos
1894 1423 1918 1459 ,
1941 1384 2007 1450 &
2032 1398 2262 1451 caetera

175 1476 262 1550 in
282 1481 676 1550 alimentum
698 1475 906 1550 ferunt
927 1528 952 1563 ,
972 1480 1246 1549 leaestulos
1268 1479 1334 1549 in
1353 1476 1568 1548 rhedis
1589 1478 1911 1552 collocant
1929 1534 1949 1563 ,
1982 1498 2053 1549 ut
2071 1476 2258 1552 nudis

172 1576 228 1648 il
244 1579 325 1649 lis
344 1576 548 1648 teffis
568 1628 591 1658 ‚
633 1578 890 1672 excepti
924 1575 1030 1646 sua
1048 1573 1441 1673 supellectile
1462 1623 1485 1660 ,
1536 1583 1602 1649 ἃ,
1641 1572 1878 1662 famem
1917 1586 1984 1650 &
2022 1574 2260 1676 frigora

166 1694 482 1747 arceant.
558 1672 864 1745 Gensest
882 1674 958 1746 ad
977 1670 1321 1760 ferociam,
1360 1683 1427 1749 ἃ,
1458 1676 1787 1746 licentiam
1822 1698 2006 1760 nata,
2062 1700 2258 1775 quam

175 1800 225 1847 v
246 1792 451 1844 ocant
467 1769 844 1845 libertatem
862 1820 886 1855 ‚
924 1772 1088 1847 adeo
1107 1795 1177 1847 ut
1193 1770 1466 1848 infanda:
1485 1773 1795 1846 barbariei
1813 1776 1874 1846 le
1920 1799 2026 1846 em
2048 1825 2070 1861 ,
2093 1777 2266 1847 mul-

185 1874 288 1942 tis
310 1870 545 1943 seculis
578 1869 673 1941 ibi
699 1868 1066 1948 solemnem
1085 1923 1107 1955 ‚
1145 1876 1255 1948 vix
1273 1899 1440 1947 nunc
1464 1874 1726 1951 demum
1742 1802 2096 1968 omisserint.
2160 1877 2262 1948 Ea

184 1968 441 2045 scilicet
462 1989 805 2056 caverant,
853 1994 961 2055 nt,
983 1973 1447 2072 quihomin'em
1468 1971 1830 2071 peremiss'et
1850 2021 1873 2059 ,
1912 1972 2260 2047 solveretur

183 2090 372 2145 metu
385 2067 822 2165 judiciorum,
866 2071 910 2145 fi
951 2074 1018 2144 in
1055 2074 1330 2165 jacentis
1358 2073 1623 2145 cadaver
1642 2070 2008 2170 projecisset
2027 2097 2259 2170 paucu-

181 2170 295 2245 los
329 2193 674 2252 nummoS,
707 2194 983 2269 quorum
1022 2196 1321 2245 numerus
1357 2172 1581 2246 eadem
1619 2174 1766 2271 lege
1801 2171 2256 2252 destinabatur.

190 2274 352 2346 Nec
370 2290 506 2342 tam
531 2270 665 2340 vile
684 2265 973 2345 fecissent
990 2272 1286 2344 humanae
1307 2273 1457 2344 vitae
1482 2272 1768 2369 precium
1786 2318 1808 2354 ,
1830 2272 1941 2345 nisi
1963 2271 2049 2344 sui
2074 2274 2253 2374 genii

186 2372 448 2468 impetu
485 2392 607 2466 pro
622 2369 760 2443 levi
778 2367 1060 2444 facino're
1082 2370 1396 2445 haberent
1416 2372 1762 2444 humanum
1784 2392 2075 2444 cruorem
2098 2398 2252 2468 pro-

185 2470 438 2571 digere.
493 2463 714 2565 Ipsum
734 2494 974 2544 nomen
988 2497 1123 2543 non
1139 2493 1395 2545 tantum
1413 2469 1728 2542 servitutis
1749 2517 1770 2551 ,
1788 2469 1895 2541 sed
1914 2479 1981 2544 δι
2007 2468 2151 2562 justi
2172 2493 2249 2543 ac

183 2568 481 2666 legitimi
494 2566 682 2663 regni
699 2569 995 2642 oderunt.
1048 2576 1219 2646 »Rex
1259 2570 1339 2643 ad
1383 2570 1615 2669 patrias
1649 2569 1830 2667 leges
1867 2570 1933 2641 vi
1971 2576 2037 2643 δι
2053 2569 2249 2642 armis

186 2668 300 2740 ad’
356 2667 507 2736 itur.
558 2664 895 2745 Nobilitas
932 2668 1213 2760 tristibus
1256 2669 1694 2771 praerogativia
1724 2668 1787 2739 se
1805 2665 1937 2765 ipsa
1955 2667 2249 2757 donavit,

186 2769 310 2868 qui
363 2789 433 2836 us
456 2764 651 2863 poffit
672 2763 783 2835 fibi
804 2766 1080 2841 invicem
1100 2772 1447 2871 &impune
1465 2791 1697 2842 nocere
1714 2824 1736 2852 ,
1779 2768 2020 2868 quippe
2058 2766 2249 2841 Prin*

181 2866 335 2965 cipi
372 2889 509 2936 non
545 2860 699 2937 satis
728 2865 885 2958 juris
906 2863 1039 2948 est,
1078 2891 1146 2941 ut
1167 2869 1339 2970 quod
1358 2869 1763 2970 peccaverint
1783 2865 1913 2967 ipse
1931 2866 2236 2943 vindicet.

184 2966 495 3043 Maxime
515 2962 631 3038 fibi
652 2964 923 3039 credunt
944 2991 965 3037 t
997 2993 1120 3041 nec
1139 2972 1339 3063 major
1354 2970 1559 3042 libido
1576 2969 1667 3042 est
1684 2967 1991 3041 libertatis
2015 2971 2081 3039 in
2099 2993 2250 3039 mo·-

183 3067 368 3140 ribus
387 3065 520 3139 vita
571 3090 648 3139 ue
667 3066 921 3138 incivili
947 3116 970 3149 ,
1011 3094 1206 3166 quam
1239 3072 1308 3142 in
1349 3072 1736 3170 religionum
1774 3075 1840 3141 δε
1875 3065 2253 3140 coelestium

184 3188 410 3240 rerum
427 3092 645 3250 fenim
698 3165 779 3239 de
799 3164 1066 3267 quibus,
1100 3191 1170 3240 ut
1202 3171 1417 3268 placet
1444 3227 1465 3255 ‚
1509 3168 1637 3239 fine
1658 3187 1834 3236 metu
1855 3211 1876 3245 ‚
1920 3172 1987 3235 δι
2008 3161 2241 3236 sentire

187 3264 428 3338 volunt
444 3309 468 3345 ‚
487 3272 553 3337 δε
572 3267 752 3364 loqui
773 3295 793 3339 t
848 3262 1090 3340 scilicet
1106 3268 1377 3341 immani
1403 3266 1632 3339 fiducia
1649 3263 1762 3344 sui,
1783 3262 2009 3362 quibus
2026 3259 2242 3360 sapere

71 3442 72 3445 ,
183 3364 414 3437 alieno
430 3360 620 3435 ductu
642 3363 862 3462 pudet.
934 3369 1117 3439 Hinc
1161 3369 1229 3439 in
1263 3364 1504 3439 diversa
1541 3363 1735 3434 hodie
1756 3360 1941 3433 sciffae
1960 3386 2238 3452 menteS,

70 3526 79 3569 ἰ

70 3625 86 3675 ἰ

71 3750 90 3793 5

181 3486 616 3558 errorumque
629 3465 919 3537 omnium
935 3468 1100 3551 lues,
1119 3470 1479 3563 quicunque
1498 3465 1753 3559 antiqua
1772 3459 1975 3532 secula
1991 3465 2241 3560 polluc-

71 3604 80 3623 ε
165 3583 366 3651 runt.
421 3557 797 3659 Quisquein
816 3562 934 3634 suae
954 3559 1211 3638 familiae
1232 3565 1485 3634 laudem
1509 3567 1790 3634 intentus
1812 3559 1941 3632 est:
1983 3561 2238 3660 praeser.

175 3663 314 3735 tim
345 3658 478 3733 liin
495 3680 746 3733 exteros
778 3663 1049 3747 incidit,
1093 3674 1160 3738 &
1203 3686 1497 3761 expertes
1538 3661 1778 3733 suarum
1819 3657 2226 3740 fortunarum.

70 3743 96 3867 it
172 3760 432 3837 Saevire
466 3778 660 3875 quani
695 3761 996 3861 decipere
1035 3764 1509 3864 promptiores,
1548 3771 1614 3836 &
1652 3759 1768 3857 ipsi
1788 3762 1987 3866 magis
2007 3756 2239 3835 fraudi-

71 3948 104 3984 ἃ
175 3860 295 3939 bus
317 3884 525 3966 quam
548 3886 613 3940 vt
630 3882 886 3966 patent.
1359 3900 1364 3905 ·
1584 3863 1632 3935 F
1651 3855 1690 3939 f
2051 3882 2261 3981 ultra⁴
