2738 4475
813 241 1016 340 ΡΚΑ
1114 285 1167 336 ιι
1266 289 1308 339 a
1406 270 1560 340 IV.
2064 206 2217 361 '465

163 402 509 474 stianorum
537 398 758 473 odium
788 399 1022 471 intenti
1046 445 1069 479 ‚
1123 423 1255 470 non
1275 394 1413 469 sunt
1430 400 1528 466 illi
1542 398 1654 497 qui
1672 395 1868 493 longa
1888 395 2202 486 majorum

160 501 321 573 serie
358 504 428 572 in
450 502 687 573 Turcis
707 498 844 586 sunt
860 555 881 582 ,
922 498 1028 571 sed
1065 499 1175 596 qui
1211 499 1280 567 in
1310 521 1537 567 eorum
1575 499 1728 568 ritus
1769 496 1805 565 a
1826 494 2011 565 nobis
2033 489 2209 564 defe-

159 626 306 673 cere
329 628 345 671 ε
404 602 654 673 caeteris
679 591 890 670 mitius
909 601 1242 699 ingenium
1264 595 1631 694 perhibetur
1647 645 1671 682 ‚
1705 597 1904 693 longe
1924 617 2143 667 tamen
2163 594 2203 664 εὶ

160 699 450 772 moribus
469 699 699 771 nostris
722 698 862 771 effe.
934 707 1210 774 Venena
1238 722 1373 770 non
1406 695 1556 766 alibi
1575 695 1959 796 ingeniosius
1979 719 2205 793 paran-

157 822 262 871 tur
286 827 307 872 .·
362 804 428 870 &
454 800 558 870 vix
582 798 883 872 credibile
904 843 926 877 ‚
961 798 1214 897 quantis
1254 796 1493 867 artibus
1532 800 1664 869 vim
1698 798 2077 866 nocentium
2099 820 2218 866 re·-

168 924 308 971 rum
330 901 687 994 exprimant
712 901 1143 996 copulentque
1159 950 1178 977 ‚
1219 920 1337 968 nec
1360 899 1545 968 aliter
1563 894 1802 992 scilicet
1820 944 1843 980 ,
1885 922 2076 993 quam
2095 918 2208 993 per

176 996 499 1070 mirabiles
519 999 717 1080 astus,
760 999 987 1069 illalue
1006 1021 1394 1096 quemquam
1414 998 1690 1070 tollant:
1732 997 2053 1075 omnibus,
2075 1019 2209 1092 quo

177 1095 336 1167 banc
373 1121 652 1170 mortem
694 1107 763 1171 δι
805 1094 1088 1196 effugere
1123 1095 1361 1192 poffint
1385 1105 1449 1168 δι
1476 1096 1727 1166 tradere
1749 1144 1772 1180 ,
1807 1096 1872 1166 in
1893 1097 2025 1194 pari
2042 1096 2209 1166 vitio

171 1196 587 1270 calliditatem
657 1198 1059 1270 uaerentibus.
1115 1197 1281 1287 Qis
1301 1197 1518 1266 credat
1536 1221 1666 1265 non
1685 1195 1866 1295 gustu
1887 1244 1910 1280 ,
1945 1195 2054 1268 sed
2087 1217 2210 1265 nee

165 1297 344 1366 taetu
358 1322 524 1394 opus
543 1225 700 1380 essqss
715 1298 844 1382 levi
864 1322 1007 1368 aura
1025 1296 1188 1368 hanc
1209 1293 1454 1394 pestem
1474 1294 1849 1380 infinuante,
1866 1291 2207 1390 corruptis·-

163 1420 291 1495 que
309 1395 612 1468 vitalibus
633 1399 1020 1468 nec-lentam
1039 1395 1303 1493 quidem
1327 1415 1608 1466 mortem
1630 1394 1975 1474 inducente
1994 1399 2024 1464 i
2063 1395 2136 1469 N
2145 1417 2211 1464 u·

166 1520 282 1593 per
300 1491 700 1591 Alepensem
722 1519 846 1590 prae
856 1491 1159 1564 fe&uram
1177 1513 1422 1563 emerat
1442 1495 1476 1560 a
1496 1493 1864 1590 gratiosisin
1889 1496 2060 1567 Aula
2092 1492 2211 1563 ho-

162 1593 454 1668 minibus
473 1590 734 1688 quidam
754 1616 830 1660 ex
850 1593 1100 1662 illarum
1118 1588 1501 1689 dignitatum
1519 1592 1884 1696 candidati&
1919 1593 2095 1669 Urbs
2112 1589 2210 1664 est

174 1693 285 1765 vix
306 1690 489 1759 bidui
506 1691 736 1760 itinere
760 1690 1057 1762 &Cilicio
1076 1692 1232 1762 mari
1252 1687 1567 1762 summota
1587 1742 1610 1778 ‚
1642 1717 2068 1765 mercatorum
2092 1688 2214 1763 fre·

166 1789 451 1887 quentia
473 1785 896 1887 Orientisque
916 1790 1310 1861 commercio
1327 1792 1537 1888 gravis
1555 1849 1574 1876 ‚
1612 1793 1778 1873 unde
1808 1816 2049 1865 merces
2072 1814 2220 1890 par-

169 1891 300 1960 tim
320 1887 654 1984 Euphrate
674 1935 699 1972 ,
730 1887 978 1988 partim
1003 1890 1306 1982 jumentis
1325 1891 1565 1962 delatas
1589 1893 1847 1988 accipit.
1877 1940 1885 1948 ·
1915 1891 2077 1964 Inde
2094 1888 2217 1961 suis

164 1988 532 2059 reeroribus
549 1988 913 2085 ingentium
931 2013 1129 2086 opum
1151 1985 1324 2059 causa
1344 2046 1361 2073 ,
1400 2013 1532 2061 tam
1564 1992 1835 2063 licenter
1872 1991 1939 2064 in
1959 1990 2222 2088 provin-

165 2089 338 2159 ciam
361 2082 775 2185 grassantibus
798 2131 820 2166 ,
839 2111 1033 2183 quam
1062 2085 1770 2186 profuseillamemunt.
1831 2097 1984 2165 Hoc
2023 2088 2219 2191 igitur

157 2186 442 2259 homine
475 2187 542 2257 in
565 2182 1004 2285 praefefturam
1027 2184 1212 2260 misso
1229 2190 1383 2261 alius
1406 2189 1746 2283 majoribus
1769 2190 1953 2263 donis
1975 2188 2219 2262 sollici-

169 2309 270 2358 tat
290 2283 482 2358 fidem
502 2286 850 2359 eorundem
873 2288 1292 2386 Optimatum
1312 2339 1333 2374 ,
1354 2288 1728 2388 jubeturque
1745 2292 1838 2361 illi
1857 2291 2054 2389 priori
2071 2287 2209 2361 suc·

171 2385 408 2467 cedere
427 2431 449 2466 ‚
474 2386 1002 2484 quiprovinciam
1026 2387 1139 2459 vix
1162 2387 1660 2467 dumlibaverat.
1737 2395 1801 2460 Is
1825 2393 1949 2465 hoc
1970 2391 2213 2463 nuncio

162 2485 479 2556 celeriter
494 2488 845 2556 amicorum
862 2484 993 2558 fide
1014 2487 1267 2584 perlato
1287 2492 1309 2567 ‚'
1336 2486 1754 2561 vehementer
1778 2537 1802 2571 ,
1839 2512 1904 2560 ut
1925 2515 2036 2586 par
2054 2509 2213 2568 erar,

169 2580 533 2678 improvisa
551 2583 729 2653 clade
743 2584 1060 2680 perculsus
1081 2586 1177 2658 est
1196 2632 1218 2666 ‚
1262 2612 1384 2659 nec
1420 2586 1569 2658 dum
1592 2590 1719 2656 ulla
1739 2587 1978 2658 scilicet
2002 2584 2216 2683 praeda

145 2752 153 2761 ,
176 2680 502 2752 ambitum
522 2701 757 2778 emptae
783 2680 1170 2777 praefesturae
1187 2683 1585 2786 repensante.
1640 2688 1845 2786 Igitur
1864 2687 2219 2757 amicorum

185 2781 302 2877 qui
320 2777 577 2851 aderant
596 2779 923 2852 confilium
945 2784 1208 2856 advocat
1232 2832 1255 2868 ‚
1295 2785 1460 2885 apud
1493 2787 1638 2856 illos
1659 2782 1901 2858 amiss'as
1920 2807 2079 2882 opes
2101 2780 2220 2855 de·-

174 2879 335 2966 flet,
361 2876 819 2979 perfidiamque
836 2882 989 2955 aulae
1006 2887 1281 2982 queritur
1300 2931 1322 2966 ‚
1363 2905 1495 2957 tam
1521 2881 1700 2957 foede
1720 2888 2037 2958 venalem.
2107 2888 2220 2954 In-

178 3001 401 3052 certus
420 2977 673 3050 confilii
689 2999 825 3051 erat
844 3036 863 3063 ,
904 3004 1234 3079 pareretne
1271 2985 1715 3061 revocantibus
1754 2982 2223 3056 Constantino-

173 3081 390 3178 -polim
407 3078 635 3160 literis,
662 3105 741 3150 an
761 3075 1088 3154 successori
1110 3106 1416 3158 armatam
1438 3110 1696 3156 manum
1718 3083 2076 3175 objiceret:
2113 3104 2226 3149 au-

184 3178 382 3249 daciae
406 3180 657 3249 veniam
679 3180 719 3253 ὲ
751 3180 1107 3253 Bizantinis
1126 3184 1493 3281 proceribus
1512 3184 1696 3254 novis
1716 3178 2077 3254 muneribus
2098 3178 2226 3248 im-

188 3299 587 3376 petratum-‘23
630 3301 733 3349 aut
756 3276 973 3351 saltem
999 3283 1260 3379 publico
1279 3279 1387 3352 suo
1404 3283 1648 3360 decori,
1671 3279 1978 3376 simulque
1996 3277 2225 3349 dome-

188 3377 371 3449 sticae
394 3378 485 3447 rei
502 3429 522 3460 ,
543 3375 847 3474 superstes
864 3405 997 3450 non
1018 3378 1277 3452 futurus.
1351 3390 1529 3451 Inter
1549 3381 1658 3448 has
1679 3378 2105 3477 cogitationes
2126 3373 2226 3446 fu-

183 3497 443 3549 rentem
464 3524 487 3560 ,
508 3478 889 3576 anxiumque
907 3536 928 3563 ,
953 3474 1201 3553 seduxit
1221 3478 1547 3550 fidiffimus
1570 3477 1920 3549 amicorum
1940 3510 1964 3569 3
1998 3494 2227 3549 monet

183 3600 271 3673 ne
295 3573 714 3673 quid‘temere
729 3576 997 3665 audeat3
1050 3577 1095 3648 fi
1136 3576 1437 3648 restiterit
1469 3577 1548 3649 ad
1587 3574 1944 3667 mandatam
1964 3578 2230 3673 provin-

151 3746 156 3751 ,
187 3676 357 3746 ciam
376 3676 706 3757 venienti,
726 3675 794 3748 id
816 3680 1075 3777 Regem
1099 3701 1217 3774 pro
1240 3673 1606 3748 defestione
1626 3673 2007 3746 habiturum.
2049 3677 2230 3748 Nul-

181 3776 326 3849 lum
347 3773 422 3846 in
436 3770 538 3846 sua
556 3795 755 3875 gente
774 3779 1050 3867 atrocius
1071 3776 1317 3848 crimen
1336 3773 1458 3847 effe
1478 3822 1500 3859 ,
1520 3802 1709 3875 quam
1726 3774 2073 3851 nonmodo
2091 3777 2229 3845 vio-

1263 3874 1334 3944 G
1355 3900 1401 3974 g
1730 3917 1742 3929 ·
2016 3874 2233 3961 lautis,
