2738 4475
367 253 376 268 ·
463 230 618 309 490
971 201 1471 286 nummu.
1522 215 2027 286 San-rrum

457 328 781 426 eiusmodi
817 331 1133 403 mentium
1176 329 1530 406 custodiam
1564 330 1808 405 habent
1838 358 1980 407 non
1998 359 2197 433 opaca
2212 315 2525 435 corpora,

464 433 577 507 sed
599 452 813 531 aptata
830 430 1214 529 accipiendo
1233 432 1559 505 coelorum
1582 431 1847 521 haustui,
1874 433 2346 536 meantibusque
2363 435 2518 511 san-

462 533 677 636 guinis
699 536 766 601 δι
784 531 1013 627 capitis
1031 528 1348 628 spiritibus
1365 532 1572 603 laxata
1591 578 1614 613 ‚
1654 533 1849 632 quint
1862 535 2080 613 aciem
2101 534 2366 609 subtilius
2387 562 2513 610 ex-

457 649 767 732 promunt
784 673 808 710 ,
850 630 944 701 ita
981 627 1086 703 sua
1107 631 1421 704 tenuitate
1438 629 1847 705 vanescentes
1866 680 1890 717 ,
1932 633 2083 706 solo
2100 641 2245 710 ocio
2263 645 2324 711 δι
2347 637 2507 709 ludo

460 726 1763 906 {5²2⁰‘2222523ssffl3333‘3d222'3‘32‘m
1777 759 1910 905 ¹1:32¹
1930 734 2503 910 mssssi’sifflsstifi‘u:

458 957 706 1007 novum
720 857 918 1002 i'obur
946 928 1180 1005 sufficit
1197 974 1223 1012 2
1256 954 1330 1002 ac
1349 878 1730 1032 plerumque
1744 858 2008 1006 alatrini
2033 981 2059 1018 ‚
2108 943 2184 1008 &
2206 934 2339 1008 huc
2365 937 2515 1007 illuc

460 1051 782 1106 errantem
814 1031 1101 1106 animum
1132 1030 1281 1103 altis
1316 1026 1615 1131 seriisque
1651 1033 2143 1132 cogitationibus
2160 1034 2508 1130 implebit.

460 1132 695 1207 Veluti
714 1131 1050 1229 pinguium
1067 1155 1443 1227 camporum
1457 1125 1722 1202 felicitas
1741 1180 1768 1217 ,
1814 1131 1964 1203 dum
1995 1130 2182 1204 cess'at
2215 1131 2259 1205 ὲ
2290 1136 2517 1215 cultu,

460 1230 790 1305 interdum
807 1230 880 1302 in
903 1232 1152 1329 plantas
1165 1225 1270 1300 sua
1286 1226 1507 1326 sponte
1520 1231 1813 1315 luxuriat,
1830 1231 2001 1302 nulla
2016 1229 2360 1304 hortorum
2385 1256 2512 1305 ve-

462 1330 713 1405 nustate
725 1328 1101 1404 deteriores.
1169 1335 1276 1402 Ita
1312 1329 1583 1402 Cosmus
1610 1329 1969 1402 Medicaeus
1988 1385 2010 1414 ,
2041 1330 2312 1402 idoneus
2338 1356 2511 1427 pru·-

464 1430 700 1514 dentiae
715 1429 946 1503 author
963 1485 987 1515 ‚
1021 1427 1207 1505 sensit
1230 1474 1255 1511 ‚
1306 1430 1422 1500 ille
1439 1427 1735 1502 conditor
1751 1426 2038 1501 florentia
2046 1429 2239 1501 hodie
2254 1431 2324 1500 in
2343 1433 2506 1503 He-

461 1532 658 1608 truria
674 1529 1061 1602 dominatus.
1095 1529 1464 1610 Placide‚&
1486 1529 1691 1601 veluti
1706 1524 2019 1602 incurioso
2033 1530 2205 1609 ocio,
2216 1530 2293 1600 in
2305 1529 2511 1603 altam

462 1632 678 1712 lucem
712 1630 1116 1730 acquieverat
1133 1684 1157 1714 ‚
1195 1650 1340 1702 cum
1380 1651 1544 1701 unus
1582 1622 1756 1701 forte
1787 1654 1868 1701 ex
1896 1628 2113 1700 amicis
2146 1625 2523 1724 supervenit

465 1730 672 1805 adbuc
711 1729 882 1804 inter
904 1727 1201 1816 somnum
1215 1728 1644 1829 vigiliamque
1662 1728 2016 1802 marcenti:
2068 1735 2137 1802 &
2160 1776 2188 1814 ‚
2208 1726 2352 1805 ubi
2372 1785 2396 1813 ,
2420 1729 2524 1800 in-

465 1832 636 1932 quit,
652 1832 767 1902 ille
787 1826 1069 1904 Cosmus
1088 1876 1110 1913 ‚
1132 1829 1233 1901 cui
1246 1850 1555 1927 tanquam
1574 1834 1772 1929 Argo
1790 1827 2288 1926 Rempublicam
2306 1827 2525 1900 credi-

467 1930 665 2008 mut?
698 1930 785 2006 de
822 1928 928 2005 die
963 1955 1048 2003 ne
1083 1929 1345 2032 quidem
1375 1928 1582 2000 oculis
1615 1933 1836 2001 utitur.
1908 1951 2041 2028 ego
2054 1925 2513 2027 quidemrebus

467 2032 635 2104 meis
669 2033 803 2124 jam
839 2031 910 2102 in
940 2026 1087 2102 foro
1122 2053 1386 2128 operam
1406 2072 1431 2108 ‚
1458 2029 1591 2120 jam
1612 2028 1796 2101 domi
1816 2053 1985 2100 meae
2007 2026 2185 2099 dedi.
2251 2026 2360 2100 Ad
2374 2026 2516 2099 haec

468 2125 776 2211 Cosmm,
799 2132 910 2200 An
926 2147 1140 2201 autem
1160 2151 1343 2229 putas
1363 2177 1385 2210 ,
1399 2127 1606 2225 inquit
1627 2173 1650 2210 ,
1669 2139 1886 2200 meam
1902 2125 2321 2227 diligentiam
2339 2147 2521 2199 ante-

466 2226 748 2401 ffinilssei,
792 2226 968 2321 cujus
999 2228 1181 2328 quies
1213 2226 1536 2330 operosior
1567 2249 1758 2328 atque
1788 2227 2018 2300 utilior
2052 2229 2182 2300 tuis
2200 2225 2513 2302 laboribus

556 2351 595 2398 e
645 2352 690 2399 o
712 2330 827 2398 et?

572 2427 864 2520 Qidam
882 2448 1102 2504 tamen
1116 2431 1415 2530 exempti·
1429 2427 1568 2501 fimt
1584 2425 1733 2501 huic
1751 2424 1890 2501 fato
1906 2483 1930 2513 ‚
1979 2427 2160 2528 quod
2176 2427 2439 2500 eximios
2456 2426 2502 2500 ὲ

471 2528 787 2603 diuturnis
801 2529 1118 2605 laboribus
1138 2552 1328 2605 arcet.
1386 2530 1585 2605 Pauci
1601 2528 1722 2611 illi,
1747 2538 2142 2628 &tanquam
2157 2524 2506 2601 cbariffima

471 2656 736 2703 munera
755 2680 777 2710 ,
815 2631 1275 2730 rebuspublicis
1295 2631 1334 2701 ὲ
1353 2632 1613 2703 Nature
1626 2628 1845 2701 donati
1865 2675 1889 2708 ‚
1925 2630 2037 2726 qui
2052 2627 2300 2701 scilicet
2313 2630 2519 2700 altum

469 2736 540 2827 δε
576 2728 970 2822 penetrabile
1001 2731 1340 2829 ingenium
1375 2731 1445 2802 in
1482 2729 1796 2827 prolixam
1831 2727 2231 2803 sedulitatem
2266 2727 2517 2800 demit-

467 2844 606 2895 tant
624 2869 648 2904 ,
685 2846 820 2895 non
835 2825 1082 2900 affiduae
1100 2830 1263 2900 moli
1280 2830 1565 2926 impares
1586 2885 1606 2913 ,
1645 2855 1783 2901 non
1817 2824 2056 2902 diverso
2068 2827 2501 2924 negociorum

468 2924 654 2996 vultu
674 2918 912 2996 confusi
931 2970 954 3005 ‚
1000 2927 1164 2998 adeo
1178 2948 1247 2998 ut
1263 2930 1402 2998 nati
1420 2927 1499 3000 ad
1519 2928 1973 3002 imbecillitatis
1990 2924 2277 2997 bumana:
2291 2920 2498 2998 subfi-

469 3018 648 3100 diutn
667 3049 1003 3126 rerumque
1021 3025 1469 3102 communium
1482 3030 1755 3103 tutelam
1775 3030 2110 3105 videantur.

2182 3548 2515 3617 Caput
