2738 4475
872 267 925 340 P
1034 285 1083 335 a
1182 285 1237 339 R
1331 277 1378 338 ‘s
1497 266 1532 336 1
1553 266 1648 340 V.
2145 267 2293 362 46⁵3v

247 385 520 488 Scythas
554 381 879 459 habebant
899 434 922 469 ,
965 383 1193 485 quibus
1228 383 1510 456 amicitia
1545 380 1991 457 miscerentur.
2067 385 2294 456 Auctis

255 512 424 563 nunc
444 486 709 584 opibus,
730 483 1061 584 liberoque
1080 485 1357 569 deleth,
1371 507 1451 554 ex
1473 479 1595 554 suis
1610 482 1960 576 domitisve
1972 481 2301 584 gentibus,

253 614 421 690 quos
440 587 669 661 malint
685 581 762 656 ad
783 582 1286 685 Rempublicam
1305 581 1651 656 admovere
1671 630 1694 667 ‚
1734 583 1781 655 a·
1812 582 2148 683 praecipuis
2185 579 2303 652 ho-

257 687 522 764 notibus
543 706 762 757 arcent
780 706 1029 758 veteres
1052 685 1194 756 illas
1211 681 1438 781 stirpes
1460 728 1486 764 ,
1519 685 1775 758 illorum
1795 685 2077 757 militum
2095 705 2306 779 nepo-

251 810 358 861 tes
377 789 420 863 a
438 785 662 886 quibus
689 785 1122 859 Ottontanica
1138 783 1367 857 domus
1385 781 1660 882 idipsum
1678 809 1822 857 cum
1841 784 2126 880 imperio
2140 783 2307 855 olim

261 891 519 984 accepit
540 942 559 969 ,
602 907 669 955 ut
699 886 827 978 jam
856 887 1110 986 ingrata
1145 881 1269 955 effe
1290 880 1508 981 poffit.
1560 881 1835 957 Nescias
1852 882 1920 955 id
1936 880 2191 955 fastidio
2209 877 2308 953 fa-

264 990 451 1061 &um
473 1033 497 1070 ‚
513 1010 590 1056 an
610 984 1068 1057 consuetudine
1086 1028 1109 1064 ,
1133 987 1305 1084 (quae
1324 981 1665 1083 postquam
1683 984 1949 1057 invaluit
1965 1040 1986 1069 ,
2026 980 2308 1054 barbatis

267 1112 394 1185 pro
409 1085 719 1184 religione
736 1081 864 1179 est)
911 1110 992 1157 an
1009 1082 1251 1156 secreto
1265 1085 1343 1155 ad
1360 1080 1449 1154 sui
1467 1086 1654 1181 regni
1672 1081 2071 1157 securitatem
2092 1079 2308 1153 confi-

264 1188 364 1260 lio
381 1232 404 1265 ‚
442 1184 620 1283 quod
651 1186 953 1285 ingentes
988 1179 1379 1283 ptaefeRurae
1399 1227 1422 1264 ‚
1443 1187 1463 1221 ¹
1480 1182 1817 1255 tribunalia
1837 1232 1865 1271 ,
1915 1183 2265 1285 dignitates
2279 1224 2307 1263 ‚

260 1312 405 1359 >non
422 1287 556 1357 aliis
579 1286 1036 1383 permittuntur
1051 1339 1075 1369 ‚
1123 1308 1319 1382 quam
1349 1283 1431 1353 iis
1441 1284 1557 1383 qui
1570 1308 1652 1356 ex
1673 1281 2059 1359 Christianis
2079 1305 2311 1383 paren-

269 1384 437 1458 tibus
455 1386 594 1458 nati
611 1382 778 1456 sunt.
847 1387 909 1457 E
947 1383 1286 1460 Dalmatia
1322 1380 1761 1480 potiffimum,
1798 1389 1867 1459 &
1887 1386 2153 1484 Illyrico
2168 1429 2191 1463 ‚
2227 1380 2315 1454 de

261 1486 402 1560 finu
422 1503 763 1584 parentum
777 1482 1028 1580 abrepti
1043 1484 1250 1580 pueri,
1261 1478 1692 1584 virginesque,
1707 1486 1777 1558 in
1791 1485 2105 1558 destinata
2121 1486 2316 1558 Con..

269 1583 704 1681 stantinopoli
719 1578 987 1653 claustra
1006 1581 1340 1652 ducuntur.
1375 1577 1479 1652 lbi
1497 1578 1661 1655 sacra
1678 1605 2040 1682 parentum,
2055 1607 2196 1685 quat
2210 1582 2329 1655 vin

266 1679 557 1754 infantes
598 1679 1035 1753 meminerunt
1054 1725 1077 1762 ‚
1126 1679 1196 1752 in
1231 1675 1487 1755 vesanas
1516 1677 1990 1780 superstitiones
2024 1698 2322 1761 mutant,

274 1778 671 1854 circumcisis
688 1778 1075 1879 genitalibus
1095 1827 1120 1863 ‚
1154 1786 1225 1852 δε
1259 1781 1615 1853 reverentia
1635 1782 1703 1853 in
1733 1782 2180 1858 Mahumetem
2192 1780 2324 1850 im-

268 1879 442 1952 buti.
512 1881 604 1954 Et
638 1876 708 1950 hi
746 1899 962 1951 coetus
996 1881 1065 1951 in
1097 1899 1232 1954 tam
1250 1877 1592 1954 miserabili
1611 1881 1830 1980 rapina
1843 1883 2054 1957 coacti
2070 1931 2096 1970 ,
2146 1876 2330 1977 Regi

274 1984 516 2054 -Turcae
534 2002 655 2076 pto
673 1976 1017 2053 seminario
1033 1977 1266 2054 ducum
1290 2027 1315 2063 ‚
1352 1980 1849 2084 principumque
1876 1981 2018 2056 sunt
2038 2029 2062 2068 ,
2098 1978 2328 2082 quibus

265 2080 566 2179 corporis
589 2073 680 2148 sui
700 2102 916 2152 curam
934 2074 1110 2153 vires
1145 2102 1223 2152 ue
1244 2079 1503 2179 imperii
1518 2082 1749 2159 tradat.
1801 2082 1989 2159 Hinc
2021 2095 2329 2182 praeterea

270 2179 585 2281 spadones
604 2235 625 2263 ,
666 2177 748 2251 ad
767 2179 996 2253 intima
1009 2106 1315 2252 deainati
1330 2177 1633 2280 obsequia
1652 2229 1675 2266 ‚
1710 2179 1993 2283 ideoque
2029 2206 2164 2255 non
2196 2177 2328 2253 vile

272 2304 380 2354 aut
399 2278 771 2381 pudendum
789 2278 879 2351 ibi
896 2302 1126 2382 genus.
1160 2280 1343 2356 Hinc
1360 2281 1641 2380 Reginae
1658 2281 2047 2385 pellicesque
2066 2289 2135 2356 &
2157 2277 2329 2352 sem-

275 2408 394 2482 per
410 2401 598 2452 tanto
615 2379 794 2479 Regi
809 2399 1163 2479 regnaturae
1179 2379 1327 2479 post
1348 2376 1414 2453 se
1432 2379 1665 2453 subolis
1688 2403 1914 2456 mater.
1979 2390 2132 2456 Suas
2164 2382 2335 2478 quo-⁴.

329 2504 406 2553 ue
422 2481 751 2565 amitas‚&
776 2476 1129 2566 sorores‚ex
1149 2480 1257 2551 illa
1274 2478 1547 2552 cohorte
1567 2481 1841 2553 deleffis
1858 2501 2133 2577 nuptum
2150 2478 2336 2549 dant:

277 2509 406 2652 abi
424 2580 747 2676 patrueles
768 2626 792 2663 ‚
810 2587 875 2652 δε
899 2599 1174 2677 nepotes
1193 2636 1213 2665 ,
1232 2579 1495 2654 daturis.
1572 2578 1893 2679 Adeoque
1910 2576 2006 2650 est
2020 2579 2092 2648 in
2109 2574 2336 2675 precio

289 2678 376 2749 de
395 2677 685 2749 Turcica
698 2676 889 2775 stirpe
907 2702 1038 2749 non
1057 2674 1227 2751 nasci
1247 2703 1357 2767 ,ut
1377 2677 1622 2752 summa
1643 2679 1708 2750 in
1729 2678 2021 2776 Imperio
2039 2684 2339 2761 munera,'
2442 2726 2447 2731 -

289 2801 437 2873 quat
456 2772 561 2847 isti
578 2800 656 2846 ex
681 2774 1063 2851 Christianis
1085 2778 1453 2875 patentibus
1468 2778 1677 2881 geniti
1698 2799 1924 2851 tenent
1939 2824 1962 2861 ‚
2007 2777 2077 2850 in
2110 2799 2339 2851 eorum

287 2877 534 2953 liberos
554 2870 859 2991 nusquam
877 2874 1221 2951 transeant.
1271 2883 1429 2957 Nec
1447 2880 1570 2953 alia
1590 2875 1766 2952 causa
1784 2877 1879 2952 est
1896 2929 1920 2968 ,
1947 2903 2139 2978 quam
2158 2874 2340 3046 ‘iisd

2262 2998 2340 3052 oe

345 3179 393 3245 ,ι
427 3162 693 3223 niba-aeia,
708 3160 969 3245 ᾀξςηέῳη,
979 3185 1063 3249 '¹⁹¹4'
1074 3166 1182 3250 5²⁸¹.
1189 3182 1290 3236 per-
1356 3183 1437 3235 pet
1449 3167 1682 3247 cancellos
1702 3200 1720 3225 ,
1735 3177 1817 3217 aut
1834 3161 2079 3233 specularia
2092 3158 2240 3214 vitrea
2252 3154 2346 3213 bos

289 3233 1294 3365 ercammarum
1355 3232 2348 3370 ffefflfflzfflffizgstrffiffi

221 3383 231 3390 ⁴
295 3366 390 3418 bus
408 3369 660 3434 provinciis
671 3371 821 3418 'turca
832 3386 887 3419 ex
909 3370 1135 3422 omnibus
1150 3370 1292 3420 fami·
1362 3368 1630 3421 ministeriis
1660 3369 1877 3421 destinat.
1937 3372 2003 3422 ui
2030 3384 2140 3419 mm
2167 3363 2349 3420 sortem

291 3438 396 3493 iiis,
409 3433 492 3485 etii
506 3434 796 3494 christianis.
812 3438 1295 3507 decimumquemquc
1361 3436 1492 3490 suam
1521 3440 1721 3508 Principi
1749 3436 1950 3489 debeant
1965 3472 1982 3498 ‚
2017 3451 2178 3506 ptaetet
2205 3451 2351 3505 quem

291 3506 424 3572 rapit
441 3522 456 3552 ε
491 3510 593 3555 flos
620 3504 914 3557 circumcisos
932 3542 948 3565 ,
975 3509 1027 3557 Ee
1043 3507 1293 3557 Mahume-
1365 3507 1548 3559 nullutn
1576 3509 1842 3577 genitorem
1857 3540 1878 3567 ‚
1908 3521 1989 3558 aut
2017 3506 2269 3559 dominum
2295 3520 2356 3554 a-

292 3575 405 3624 sicis
419 3572 720 3641 dogmatibus
740 3575 946 3625 imbutos
954 3578 1024 3635 ,in
1037 3577 1142 3625 aula
1160 3575 1294 3624 omni
1362 3573 1592 3643 gnoscunt
1609 3611 1625 3635 ,
1641 3592 1741 3626 non
1755 3577 1928 3629 mitum
1943 3575 1977 3627 fi
1990 3588 2124 3625 tanta
2137 3590 2246 3624 mm
2259 3572 2352 3624 fide

289 3656 466 3709 genere
478 3639 688 3707 palaestta
700 3642 826 3707 jubet
840 3645 1058 3701 exerceri,
1076 3640 1300 3709 aptusque
1364 3640 1628 3694 commissas
1643 3643 1726 3695 fibi
1743 3644 2009 3708 provincias
2024 3641 2247 3712 tegunt,fi
2260 3637 2356 3709 ipse

294 3710 431 3760 reddi
459 3710 522 3759 ad
538 3724 729 3762 munera
743 3744 761 3770 ,
799 3712 958 3762 officia
971 3745 985 3767 ,
1017 3712 1299 3779 dignitates,
1369 3712 1585 3780 Princeps
1600 3710 1644 3762 se
1671 3710 1839 3774 suaque
1867 3713 1961 3761 illis
1986 3710 2092 3780 ipfis
2119 3709 2357 3762 lubentius

328 3776 666 3837 nieman
682 3783 771 3830 alia
785 3780 836 3829 id
849 3794 996 3848 genus
1012 3776 1290 3829 obtinenda.
1367 3781 1637 3830 committat
1649 3793 1795 3846 quam
1812 3778 2058 3847 indigenis.
2080 3778 2219 3830 Adeo
2229 3776 2360 3828 foeti-

280 3795 435 3918 Zuod
466 3846 501 3902 fi
531 3864 651 3918 quos
680 3851 869 3918 ineptos
885 3847 1142 3903 adverterit
1167 3846 1302 3914 (nam
1366 3846 1533 3919 cimil
1548 3847 1599 3902 in
1611 3846 1704 3903 hoc
1717 3845 2018 3915 isne‘tioeffe
2029 3848 2356 3973 Qniw·

511 3950 530 3963 .
2168 3929 2195 3966 ι
2320 3925 2383 3960 es·
