2738 4475
969 245 1664 323 PansV.
2188 241 2337 340 573·

307 346 315 354 ⁴
440 361 793 441 habebitque
810 359 933 439 suos
967 358 1038 418 ad
1069 361 1236 422 verbu
1258 365 1528 440 precantia
1562 360 1771 419 vultus.

439 447 672 521 sustines
715 443 957 517 quodque
982 452 1161 517 petet,
1192 439 1372 519 facilis
1401 440 1605 499 concede
1627 439 1896 516 precanti.-

441 532 563 583 Non
588 534 712 581 ante
743 533 920 577 exerto
941 519 1047 594 sua
1081 538 1276 577 cornua
1301 529 1458 578 Luna
1486 518 1699 576 reducet

444 605 647 660 Vertite
667 637 684 663 ‚
711 616 877 674 quam
905 598 1108 655 tumido
1141 613 1242 656 tua
1274 596 1478 673 vistera
1501 597 1717 672 pondere
1744 591 1982 670 creſsem-

446 688 634 739 Μαῖαν
663 681 792 739 eris,
822 675 1169 752 gravidaeque
1201 674 1295 732 tibi
1323 678 1522 734 Lucina
1547 673 1781 751 favebit.

368 762 465 819 Ne
495 759 696 817 mirere
725 756 935 834 igitur,
966 769 1276 812 amatorem
1307 769 1364 811 te
1392 767 1506 810 tam
1541 754 1656 810 cito
1685 754 2004 829 receptum,
2035 767 2207 828 quem
2227 751 2342 811 Dea

290 838 416 915 (sub
435 837 593 914 cujus
608 834 778 893 tutela
792 845 944 890 totus
956 833 1105 890 orbis
1121 834 1329 913 agitur,
1364 835 1420 891 &
1437 850 1560 909 quae
1586 832 1713 907 jura
1722 834 1925 907 pariter
1941 829 2099 904 cerlis
2114 833 2170 887 &
2188 831 2345 889 terris

286 920 405 992 dat)
437 913 593 994 Juffit
618 913 679 970 in
706 911 935 991 pudicos
967 911 1242 978 thalamos
1276 912 1502 970 admitti
1523 908 2091 988 propagandigeneris
2107 908 2344 968 humani
2408 960 2427 964 -

294 997 471 1055 causa.
530 995 681 1050 Cura
717 990 1044 1050 Numinum
1076 988 1116 1047 fi
1154 1008 1269 1048 non
1284 991 1571 1054 maxima,
1605 1000 1798 1047 tamen
1812 984 2232 1067 aliquasumus,
2256 995 2338 1054 &,

342 1075 677 1149 uodcunque
691 1071 801 1128 fine
818 1067 1046 1127 illorum
1065 1068 1291 1128 arbitrio
1309 1068 1376 1126 fit
1389 1110 1407 1134 ,
1437 1065 1639 1126 inutile
1650 1082 1892 1144 putatur.
1952 1065 2234 1125 Amachus
2264 1069 2353 1125 in-

294 1094 482 1213 gustis
498 1148 787 1208 ominibus
802 1163 921 1226 quo
937 1148 1028 1205 die
1045 1147 1393 1224 Amaryllida
1405 1145 1566 1205 duxit
1585 1184 1602 1210 ,
1646 1146 1857 1224 frigido
1875 1144 2165 1225 congressu
2182 1147 2353 1210 intere

291 1232 429 1292 fecit
442 1248 579 1290 cum
604 1227 927 1306 virginitate
941 1223 1389 1286 foecunditatem.
1451 1222 1759 1283 Succeffere
1776 1226 1834 1284 in
1854 1224 2002 1284 illius
2015 1226 2204 1284 locum
2218 1244 2354 1304 qua·-

293 1324 428 1370 tuor
443 1310 636 1367 fratres
651 1345 669 1367 .
701 1310 757 1367 ὅτ.
777 1305 1095 1380 Amachum
1113 1305 1252 1363 dum
1272 1302 1304 1362 a
1321 1303 1592 1362 sterilibus
1604 1302 1784 1362 thoris
1802 1315 2020 1367 arcent,
2049 1303 2356 1363 conturba·-

292 1392 366 1449 tis
382 1386 689 1448 seminibus
709 1381 995 1442 illuserunt
1011 1384 1209 1442 sorori.
1273 1383 1510 1440 Istorum
1526 1383 1862 1459 impotentia
1877 1397 2055 1442 totam
2077 1380 2353 1442 familiam

297 1471 365 1528 in
382 1465 647 1529 solatium
668 1462 889 1520 vocavit
909 1485 927 1528 ς
969 1460 1058 1518 sed
1074 1463 1219 1519 inter
1237 1471 1324 1517 tot
1342 1459 1668 1519 futurorum
1689 1461 1869 1520 millia
1881 1462 2145 1524 nondum
2162 1461 2358 1519 inven-

297 1560 391 1605 tus
406 1546 484 1602 est
503 1582 519 1608 ,
551 1542 656 1619 qui
685 1537 991 1598 desideratae
1016 1537 1218 1598 sobolis
1249 1539 1704 1619 impraegnatione
1716 1552 2001 1621 ⁸repararet
2013 1539 2243 1600 labentis
2257 1540 2360 1598 do-

302 1643 435 1683 mus
466 1636 714 1678 rumam.
885 1679 896 1688 p

382 1703 466 1758 Ea
497 1697 680 1757 adhuc
708 1694 972 1773 loquente
988 1734 1006 1756 .
1038 1695 1099 1754 in
1131 1695 1455 1756 cubiculum
1475 1696 1534 1755 in
1552 1717 1670 1776 quo
1688 1714 1906 1756 eramus
1919 1697 2188 1776 praecipiti
2208 1696 2359 1775 pass‘u

303 1780 465 1839 venit
506 1774 835 1851 Amaryllis:
884 1773 1111 1832 excuffae
1125 1774 1268 1833 fores
1288 1775 1535 1834 stridenti
1553 1775 1773 1835 cardine
1787 1790 2180 1835 converterunt
2193 1778 2259 1835 ad
2275 1775 2359 1834 so·

307 1876 449 1917 num
466 1853 634 1912 suum
653 1852 847 1912 oculos
865 1855 1134 1912 narrantis
1150 1852 1554 1930 facundiapene
1570 1852 1845 1913 obseratos
1858 1857 1917 1913 in
1930 1853 2215 1914 somnum.
2230 1855 2369 1913 Col·

301 1938 554 1997 lucentes
587 1935 733 1990 faces
763 1931 828 1990 ad
859 1932 1367 2010 ejus-conspectum
1400 1931 1524 1990 visae
1554 1932 1683 1992 sunt
1696 1932 1998 2010 majoribus
2014 1934 2260 1992 flammis
2274 1952 2365 1991 ar·

303 2018 452 2076 dere.
486 2013 784 2070 Nimirum
808 2009 954 2088 ipsos
969 2012 1138 2069 etiam
1156 2014 1314 2090 ignes
1325 2013 1586 2090 geminus
1602 2012 1695 2070 ille
1710 2013 1917 2070 ocellus
1934 2012 2188 2069 mortalis
2205 2030 2370 2089 nym-

302 2094 431 2174 phae
449 2090 660 2149 urebat.
701 2091 1154 2224 Qaegostquam
1180 2108 1365 2147 moras
1381 2090 1500 2148 suas
1517 2091 1945 2168 importunitate
1959 2091 2149 2148 mariti
2168 2131 2187 2156 ,
2205 2096 2261 2153 &
2280 2088 2366 2149 fa·

313 2157 488 2232 miliia
505 2169 696 2250 vigilia
709 2184 846 2226 excu
905 2168 988 2224 vit
1004 2205 1021 2231 ,
1068 2170 1361 2226 Amatores
1377 2206 1395 2233 ,
1429 2168 1614 2247 inquit
1629 2206 1648 2229 ‚
1690 2171 1746 2226 &
1775 2168 2030 2227 tenebras
2042 2173 2370 2247 quaerunt&

312 2252 604 2314 secretum.
663 2249 859 2306 Statim
881 2246 1094 2305 redudti
1110 2247 1315 2324 postes,
1360 2246 1598 2324 &janua
1614 2286 1632 2311 ‚
1664 2247 1904 2305 admotis
1915 2249 2185 2327 repagulis
2202 2249 2267 2308 ad
2282 2247 2367 2307 st:-

314 2332 613 2390 curitatem
637 2327 855 2392 ,laxata
897 2326 1090 2384 Omne
1105 2326 1305 2385 deinde
1317 2343 1565 2384 nocuum
1583 2323 1778 2383 lumen
1792 2327 2108 2386 extinctum
2127 2366 2144 2389 .
2186 2333 2242 2389 ac
2276 2347 2370 2385 ro.

311 2415 438 2468 'rans
465 2404 706 2463 balsama
733 2403 964 2462 leitulus
993 2406 1062 2462 ad
1090 2404 1360 2482 gaudium
1391 2404 1763 2481 semiapertus.
1825 2405 2175 2463 Crediderim
2196 2403 2369 2464 illum

317 2490 511 2567 poetas
527 2484 667 2541 olim
684 2481 992 2558 speluncam
1014 2482 1217 2543 feciffe.
1235 2484 1295 2540 in
1319 2503 1431 2562 qua
1446 2483 1598 2541 Dido
1610 2495 1836 2551 tantum
1854 2485 2086 2540 AEneam
2102 2481 2372 2540 sustinue-

320 2569 414 2624 rit.
470 2561 748 2619 Delectata
777 2559 869 2618 illa
898 2558 1112 2618 ancillae
1142 2558 1427 2620 sedulitate
1463 2560 1714 2621 multum
1734 2561 1887 2626 rifit,
1916 2559 2224 2621 &brachiis
2236 2558 2375 2619 huic

327 2642 475 2702 collo
491 2638 703 2695 in'eEtis
718 2676 735 2702 ,
769 2640 824 2696 &
839 2638 904 2696 ad
917 2637 1168 2696 osculum
1182 2638 1291 2698 sese
1307 2657 1403 2699 ore
1416 2640 1569 2698 ultro
1581 2638 1848 2698 offerente
1869 2677 1886 2703 ,
1923 2638 2107 2696 Torus
2124 2677 2140 2704 .
2163 2639 2224 2696 in
2266 2641 2371 2707 uit,

327 2722 426 2780 iste
442 2660 669 2776 latebras
679 2715 797 2774 suas
810 2716 970 2775 debet
983 2716 1071 2775 hu·
1082 2735 1145 2776 us
1157 2735 1336 2777 vernae
1353 2718 1552 2777 officiis
1571 2739 1587 2776 ι
1629 2733 1684 2777 at
1700 2733 1763 2777 tu
1780 2758 1798 2783 ,
1814 2717 1953 2803 dum
1970 2734 2103 2795 quas
2117 2657 2365 2779 {enlin-ua

325 2819 385 2858 es
404 2798 658 2856 flammas
672 2795 948 2871 imperant
962 2795 1028 2854 ab
1052 2796 1286 2855 condere
1303 2837 1320 2863 ,
1352 2798 1463 2856 illis
1494 2797 1795 2856 silentium.
1869 2799 1994 2855 Hoc
2021 2797 2173 2856 dieto
2201 2795 2374 2857 saeviit

325 2877 529 2937 arctius
548 2876 605 2932 in
625 2874 977 2949 amplexum.
1020 2878 1076 2935 &
1102 2874 1382 2935 hiantibus
1412 2876 1618 2936 labellis
1647 2874 1946 2936 tremulam
1965 2876 2213 2953 linguam
2231 2878 2367 2936 ino·

322 2955 591 3090 stupentcils
617 2954 870 3012 condidit
881 2994 900 3020 ,
947 2955 1203 3032 interque
1216 2957 1481 3035 gannitus
1494 2957 1761 3032 pertraxit
1776 2957 1836 3014 in
1854 2971 2044 3015 torum
2060 2970 2371 3016 amatorem

325 3036 439 3094 'am
472 3053 533 3093 ca
574 3046 778 3090 entem.

317 3056 342 3115 J
407 3115 549 3177 Scis,
587 3111 870 3190 Daphnis,
901 3132 1027 3191 quae
1055 3111 1200 3171 bella
1233 3111 1571 3174 tantalibido
1585 3110 1895 3171 lasciviente
1909 3110 2106 3169 lumbo
2123 3109 2370 3185 suscitet}

326 3210 438 3268 qua
465 3205 752 3249 amantum
787 3191 1064 3268 voluptate
1094 3189 1341 3252 succubae
1376 3192 1632 3250 mulieres
1648 3190 1850 3257 crebris
1865 3186 2265 3250 subsultibus&
2284 3190 2372 3250 lu·
2462 3248 2465 3249 γ

326 3268 481 3327 brico
509 3269 672 3347 spinae
703 3285 864 3327 motu
879 3272 1054 3330 amori
1087 3271 1419 3350 indulgent3
1462 3288 1588 3349 quae
1613 3268 1921 3348 ‚petulantia
1949 3268 2018 3326 ad
2060 3271 2372 3347 reciprocos

329 3348 544 3419 morsus
571 3346 735 3406 soleat
749 3349 807 3407 in
828 3349 950 3427 ipso
966 3349 1247 3426 profluvio
1266 3347 1544 3407 seminum
1555 3349 1796 3426 jacentes
1811 3344 2034 3405 efferare
2051 3371 2068 3415 3
2102 3367 2228 3427 quae
2242 3348 2373 3409 iala-

243 3442 248 3448 ·
328 3428 468 3486 citas
498 3428 750 3485 varietate
779 3428 1170 3507 congressuum
1210 3429 1581 3504 spintriarum
1615 3429 1842 3486 inventa
1860 3425 2111 3505 superet,
2140 3444 2235 3486 aut
2250 3428 2375 3486 Ele·

326 3507 609 3586 phantidis
625 3504 828 3565 libros?
861 3506 1040 3565 Crede
1059 3505 1177 3564 haec
1194 3506 1388 3564 omnia
1405 3508 1463 3565 in
1479 3505 1788 3565 thalamum
1806 3508 2055 3564 nostrum
2074 3507 2293 3574 veniss‘e‚
2313 3513 2371 3568 δι

325 3584 553 3646 tandem
572 3583 744 3661 longo
759 3590 814 3645 δι
832 3587 1065 3663 repetito
1081 3585 1385 3644 certamine
1400 3584 1670 3663 fatigatos,
1693 3585 1754 3642 in
1768 3583 1945 3643 altum
1978 3584 2241 3643 somnum
2273 3586 2376 3643 de·

327 3663 511 3722 scendi
518 3662 588 3720 sse
609 3683 622 3718 ε
664 3667 872 3739 postera
887 3665 979 3721 die
994 3705 1011 3729 ,
1028 3662 1254 3721 refestas
1271 3662 1407 3721 cibis
1424 3665 1564 3720 vires
1578 3700 1596 3722 .
1636 3661 1703 3719 ad
1717 3660 2097 3738 hujuscemodi
2114 3662 2380 3723 collucta-

325 3746 508 3802 tiones
524 3743 809 3801 conversas
829 3771 844 3813 3
890 3746 944 3801 St
973 3741 1181 3799 durasse
1210 3741 1275 3798 ad
1290 3740 1537 3799 confinia
1552 3739 1749 3798 menfis
1768 3741 2107 3818 voluptatem
2124 3742 2376 3810 solidam,

324 3824 508 3883 donec
543 3822 602 3880 in
628 3820 839 3881 foetum
874 3820 1148 3899 obstipato
1165 3819 1525 3897 Amaryllidis
1542 3830 1700 3879 utero
1719 3821 1950 3881 Veneris
1965 3822 2188 3956 oracul-0
2205 3820 2374 3910 fidem

2153 3918 2371 3959 cccrum.
