2738 4475
897 279 1399 348 Pras
1526 265 1687 340 IV.
2162 286 2306 360 377

245 423 393 478 toto
405 421 716 472 terrarum
742 394 986 470 ambitu
1004 391 1330 467 illustrior.
1382 394 1401 428 ¹
1424 387 1671 469 Sicilia,
1696 384 2320 484 Creta,Cyprus,vi.

246 503 325 576 sae
345 503 523 602 regni
545 496 863 569 fortunam
882 483 954 567 ac
975 517 1220 567 nomen
1240 512 1471 588 capere
1495 482 1711 585 poss'e:
1751 511 1920 600 non,
1960 486 2009 558 st
2025 489 2094 572 in
2119 510 2314 600 unum

248 628 479 700 corpus
497 594 817 670 transeant
838 645 860 678 ‚
888 599 1000 667 uni
1021 592 1378 670 Britanniae
1395 610 1700 658 terrarum
1725 581 2068 683 spatirs‘aut
2090 584 2325 683 opibus

258 727 438 801 pares
457 701 596 772 lint.
643 700 664 728 ⁸
687 694 916 768 Priscis
937 717 1196 794 quoque
1220 686 1648 787 temporibus,
1670 687 1860 756 armis
1880 687 2143 799 inclytis
2164 683 2328 755 stre-

258 828 383 874 nua
400 848 423 882 ‚
457 798 787 872 materiam
809 794 1037 868 fabulis
1057 792 1237 867 dedit
1256 833 1278 878 ·‚
1308 800 1447 890 qu'ae
1469 786 1878 887 plurimarum
1898 806 2197 884 gentium
2219 785 2323 900 in·

2101 907 2318 984 genus

515 1056 778 1123 Ceu-»ponitur
804 1050 920 1104 orbis
1314 1048 1451 1101 mino
1467 1061 1610 1115 portu
1624 1049 1797 1115 inclyta
1812 1049 2049 1117 quondam
2064 1084 2080 1108 ,
2101 1065 2227 1101 nunc
2240 1064 2325 1103 ve-

335 1118 461 1188 Regi>
482 1123 539 1171 ad
562 1130 814 1193 exempeum.
1313 1135 1369 1170 ro
1387 1119 1437 1167 in
1455 1117 1696 1168 ruderibus
1725 1119 1966 1186 antiquam
1993 1120 2184 1168 extinxit
2213 1120 2323 1186 glo-

262 1191 325 1238 Et
337 1192 538 1254 ptinrum
550 1195 602 1242 in
614 1205 907 1259 unoquoque
918 1188 1160 1257 genereest
1179 1205 1251 1240 re·
1310 1189 1449 1252 riam·
1487 1188 1649 1237 Hodie
1664 1188 1893 1254 precipua:
1912 1184 2016 1238 sunt
2035 1192 2323 1248 Panormus,

255 1258 363 1323 gula
390 1273 670 1311 oeterorurn.
709 1263 837 1310 Hinc
851 1258 1015 1309 Cedua
1034 1265 1133 1310 Rex
1151 1265 1251 1310 Ro·
1317 1255 1450 1322 tegni
1463 1267 1597 1322 caput
1612 1288 1629 1312 .
1660 1270 1927 1323 quanquam
1940 1251 2147 1306 Messana
2160 1256 2216 1305 ad
2230 1253 2328 1305 fre-

253 1336 384 1375 mam
407 1341 568 1395 petens
601 1326 789 1379 Christo
819 1324 863 1377 se
878 1325 1097 1395 suamque
1112 1324 1257 1386 subie-
1320 1336 1425 1372 tum
1452 1337 1559 1371 mm
1588 1319 1680 1389 ipsa
1709 1324 1770 1372 de
1783 1325 2012 1393 dignitate
2026 1323 2287 1375 contendat
2304 1340 2324 1374 ι

253 1393 323 1441 eit
350 1397 571 1464 Angliam
587 1414 602 1444 ι
632 1413 688 1446 ex
720 1412 816 1462 qno
841 1395 1064 1446 barbaros
1098 1410 1254 1446 mores
1321 1389 1496 1440 deinde
1508 1395 2161 1460 CamDrepanum,Enna‚
2179 1400 2330 1472 Agr·-

251 1461 991 1596 a‘x‘sssstffff‘fffffim
1007 1462 1259 1580 ciffi?
1348 1462 2022 1596 affigas-:xm
2038 1461 2331 1599 ξὲἒῑὲῖιὲῖ

255 1611 343 1660 pra
386 1611 578 1647 eentum
619 1612 750 1663 reges
797 1598 1094 1659 imperavere.
1161 1600 1263 1648 Fuit
1328 1596 1446 1660 peris
1462 1596 1622 1646 Siculis
1636 1595 1730 1646 catii
1745 1595 1851 1648 sunt
1864 1614 2035 1649 omnes
2078 1599 2233 1656 Galli,
2277 1597 2333 1647 δε

254 1665 550 1714 Guiuelmus
585 1668 689 1717 Dux
707 1665 1005 1714 Normannioe
1019 1663 1079 1714 ab
1094 1665 1265 1717 Eduar-
1326 1660 1512 1714 admiffi
1529 1663 1894 1733 Arragonensea.
1928 1671 2074 1717 Creta
2091 1665 2181 1719 five
2193 1671 2331 1717 Cano·

262 1729 334 1778 do
349 1732 491 1780 tertio
501 1731 639 1781 haetes
653 1733 941 1782 nominatus.
973 1733 1114 1783 venir
1124 1735 1266 1784 etiam

267 1799 450 1866 Anglia
480 1800 527 1848 in
544 1799 821 1868 potestatem
840 1800 1092 1851 Comitum
1110 1802 1266 1852 Ande-

252 1867 556 1933 gavcnfinmz
594 1872 644 1918 δε
670 1869 864 1918 tandem
895 1875 1142 1920 Scotorum
1176 1877 1267 1921 Re-

251 1934 331 2001 gis
376 1936 540 2001 Jacobi
586 1939 748 1986 Mariae
776 1942 965 1986 stuarta:
991 1937 1075 1986 filii
1108 1953 1264 1990 rorum

256 2007 480 2069 Regnum
498 2006 550 2054 in
562 2004 799 2055 ditionem
810 2002 951 2055 ceffit.
963 2007 1263 2073 Religionum

252 2074 544 2123 mutationes
573 2074 707 2124 varix
732 2074 872 2125 variis
887 2075 1033 2123 etiam
1051 2073 1260 2126 moribus

249 2154 438 2204 gentem
452 2140 571 2192 hanc
583 2139 869 2192 imbuerunt.
909 2139 1112 2208 Quoties
1130 2144 1261 2194 enim

255 2208 479 2277 indigenae
522 2211 784 2279 Religionis
840 2207 976 2260 eausa
1023 2225 1080 2261 ex
1112 2208 1261 2265 insula

254 2291 464 2329 extorres
484 2277 627 2330 faeti?
663 2281 844 2347 quoties
861 2280 997 2329 acciti
1010 2282 1217 2329 extranei
1236 2285 1260 2335 f

258 2342 418 2415 Qrarn
463 2349 622 2397 multis
668 2347 994 2414 Religionibus
1039 2348 1089 2397 δι
1122 2344 1256 2399 sestis

254 2419 475 2481 Regnum
488 2420 648 2465 totum
691 2412 924 2465 rosciss'um
937 2414 1161 2466 estiNunc
1176 2415 1259 2467 sub

253 2498 358 2534 uno
383 2485 588 2549 principe
616 2434 817 2547 subjecta
851 2485 1022 2551 Anglia
1039 2517 1058 2541 ,
1090 2487 1263 2543 Sootia,

264 2550 454 2600 ibernia
471 2587 493 2612 ,
503 2551 562 2599 de
577 2554 758 2601 carolo
773 2566 913 2618 nuper
927 2565 1142 2603 revocato
1157 2568 1266 2604 mo-

262 2633 377 2668 rum
390 2621 625 2668 unitatem
648 2615 822 2685 sperare
835 2617 998 2686 potest.

341 2701 361 2735 x
403 2689 554 2735 sicilia
566 2716 586 2745 ‚
616 2692 743 2735 Creta
758 2718 777 2744 ‚
808 2690 972 2755 Cyprus
990 2719 1008 2745 ,
1036 2689 1137 2753 en'fioe
1150 2693 1266 2758 rrgm'

249 2755 481 2815 soum
508 2772 560 2802 ac
587 2773 731 2803 nomen
757 2772 900 2823 capere
925 2756 1076 2823 postia]
1112 2758 1263 2809 Sicilia

252 2836 427 2871 omnes
447 2820 773 2871 mediterranei
800 2823 940 2871 maris
967 2819 1134 2873 insulas
1162 2840 1261 2876 am-

292 2889 492 2940 lirudinc
520 2892 687 2949 vincit,
706 2906 802 2957 quae
830 2889 1040 2940 ubertate
1053 2887 1263 2951 soliadeo

250 2907 367 3007 felix
395 2959 458 3008 est
472 2974 526 3008 ut
538 2958 759 3009 horreum
782 2965 1107 3009 Romanorum
1123 2960 1263 3012 fuerit

249 3040 309 3093 ap
368 3030 493 3078 llata.
539 3027 757 3078 Distaest
775 3026 1105 3095 quafisicclita,
1122 3029 1261 3088 idest,

253 3111 307 3144 re
329 3098 431 3146 esta
446 3130 466 3154 ,
502 3111 675 3164 nempe
688 3095 748 3146 ab
781 3099 919 3146 ltalia
938 3112 1057 3165 aqua
1069 3096 1262 3166 angusto

208 3196 213 3201 -
248 3161 380 3212 freto
414 3167 509 3225 jam
541 3163 842 3215 discernitur:
879 3167 1121 3231 quondam
1155 3169 1263 3216 Tri-

248 3232 414 3280 meria
426 3235 453 3280 a
467 3230 615 3282 tribus
632 3236 972 3299 promontoriis
998 3268 1012 3291 ‚
1024 3232 1189 3302 quibus
1208 3237 1259 3285 in

247 3297 431 3349 diversa
447 3315 715 3365 procurrens
732 3303 950 3371 trianguli
967 3302 1174 3353 formam
1190 3301 1258 3352 ef-

248 3365 371 3416 ficit.
440 3369 649 3419 Primum
680 3373 1101 3437 promontorium,
1131 3371 1260 3438 quod

249 3437 486 3486 Graeciam
519 3433 548 3483 s
597 3437 721 3493 &au
746 3438 1048 3505 Pachynum;
1099 3436 1258 3488 secun-

243 3502 392 3563 dum,
415 3522 476 3571 qu
564 3506 747 3555 Italiam
768 3504 953 3573 respicit
988 3504 1179 3557 &freto
1193 3508 1258 3556 al-

241 3573 414 3632 luitur,
430 3575 644 3624 Pelorum
664 3591 677 3624 :
705 3575 905 3641 denique
919 3574 1262 3640 tertiumquod

192 3649 210 3656 ·
242 3640 308 3689 ad
338 3639 571 3693 occasum
587 3643 736 3712 vergit
754 3678 774 3701 ,
799 3642 1075 3711 Lilybaeum.
1130 3649 1263 3692 Hane

240 3710 486 3760 incoluere
511 3713 629 3761 olim
659 3711 813 3761 Laestri
847 3727 964 3760 ones
1006 3708 1263 3773 anthropo-

1330 1729 1408 1780 dia
1425 1765 1441 1787 ,
1488 1733 1661 1782 Graecis
1704 1730 1974 1801 Latinisque
2007 1734 2332 1786 monumentis

1330 1800 1587 1866 plurimum
1605 1799 1832 1850 celebrata
1850 1835 1865 1858 ,
1894 1801 1953 1851 ab
1966 1804 2160 1869 antiquo
2178 1801 2332 1868 splen-

1328 1868 1448 1918 dore
1475 1870 1678 1919 multum
1706 1866 1925 1923 descivit:
1976 1876 2153 1920 Ecaten
2221 1867 2326 1920 lisa

1326 1950 1518 1986 centum
1534 1935 1722 1987 urbIbus
1741 1937 1870 1989 dieta
1884 1936 1964 1994 est.
1981 1935 2058 1987 sed
2172 1940 2213 1988 ie
2226 1954 2340 2005 pau·

1324 2003 1477 2054 eiores
1508 2001 1615 2055 sunt
1630 2039 1645 2062 .
1678 2022 1871 2072 quarum
1888 2008 2110 2071 primaria
2123 2007 2185 2056 est
2201 2010 2340 2057 Can-

1326 2072 1405 2120 dia
1419 2105 1441 2131 ‚
1469 2087 1568 2139 qu:
1583 2089 1759 2124 nomen
1775 2074 1938 2124 infiilae
1949 2074 2063 2125 fecit
2082 2094 2097 2125 z
2131 2080 2338 2142 Sequun-

1327 2153 1402 2190 tur
1417 2144 1576 2191 Cauca
1591 2174 1611 2201 ,
1631 2141 1861 2193 Rhetinus
1878 2175 1900 2202 ‚
1917 2146 1968 2192 δε
1989 2145 2176 2209 Scyttia.
2224 2144 2333 2210 Jam

1326 2224 1413 2276 pro
1428 2209 1548 2260 illius
1563 2205 1836 2278 posscflione
1851 2213 2013 2262 Veneti
2029 2214 2130 2276 jure
2143 2247 2159 2270 ,
2174 2216 2333 2266 Ταῖα

1328 2291 1378 2328 ut
1392 2273 1540 2327 solent
1558 2277 1728 2341 injurii
1741 2279 1992 2331 decertant.
2030 2286 2087 2331 ln
2105 2281 2333 2333 mediter·

1327 2360 1470 2395 raneo
1485 2349 1600 2398 mari
1620 2349 1841 2416 pratcipua
1855 2349 1917 2399 est
1936 2355 2012 2417 Cy
2042 2366 2139 2408 rus,
2162 2350 2333 2401 Veneri

1324 2415 1445 2464 olim
1463 2411 1601 2464 sacra.
1651 2422 1796 2484 Reges
1814 2417 1975 2467 habuit
2013 2434 2135 2477 uos,
2166 2434 2252 2467 nec
2268 2419 2337 2467 ita

1329 2482 1508 2548 pridem
1526 2483 1692 2533 Gallos
1708 2483 1733 2533 ὲ
1748 2483 1928 2534 familia
1940 2485 2334 2535 LufinianaTurn

1331 2549 1672 2606 Genuenfibus.
1688 2552 1796 2600 inde
1812 2553 1999 2601 Venetis
2019 2585 2034 2608 ,
2050 2551 2206 2619 postea
2221 2556 2340 2601 Tur-

1327 2620 1395 2669 eis
1419 2620 1566 2686 paruit
1584 2650 1604 2677 ,
1649 2633 1781 2684 capra
1808 2613 1836 2667 ³
1869 2620 2051 2668 Solimo
2078 2624 2336 2670 Turcarum
2371 2648 2376 2657 ·

1330 2692 1618 2754 Imperatore
1662 2700 1791 2737 anno
1823 2685 2076 2738 millefimo
2104 2690 2340 2756 quingen·

1325 2754 1491 2805 tcfimo
1521 2754 1861 2823 septuagefimo.
1920 2755 2066 2807 urbes
2095 2757 2333 2824 precipue

1327 2826 1528 2881 Salanis,
1545 2823 1684 2873 hodie
1699 2822 1981 2893 Famagusta,
2000 2830 2230 2877 Lucotum
2246 2828 2335 2875 bo-

1326 2892 1402 2942 die
1434 2891 1643 2949 Nicosia,
1693 2896 1923 2944 Ceraunia
1951 2894 2094 2945 hodie
2109 2896 2328 2945 Cetinee.

1328 2966 1385 3010 ln
1400 2961 1700 3030 expugnanda
1721 2961 1898 3013 Nicofia
1911 2964 2170 3031 Bragadeni
2187 2963 2332 3012 nobi-

1325 3031 1383 3079 lis
1399 3034 1561 3080 Veneti
1578 3033 1719 3081 virtus
1737 3033 1990 3098 plurimum
2005 3031 2174 3080 enituit
2196 3052 2209 3086 ς
2251 3025 2328 3080 fied

1325 3101 1474 3161 maior
1488 3098 1574 3148 fuit
1589 3097 1793 3159 ejusdem
1810 3102 1858 3147 in
1876 3096 2183 3149 crudeliffima
2203 3111 2333 3145 mor-

1325 3182 1372 3215 re
1405 3165 1431 3216 a
1455 3165 1721 3233 foedifragis
1749 3167 1914 3214 Turcis
1932 3163 2199 3230 perferenda
2215 3180 2333 3216 con-

1323 3233 1500 3283 stantia:
1534 3235 1653 3283 laus.
1718 3234 1852 3283 Olim
1883 3231 2120 3281 celebrata
2136 3230 2239 3282 finnt
2255 3249 2333 3284 ur-

1327 3300 1408 3350 bes
1426 3299 1603 3365 l’aphus
1623 3334 1638 3357 ,
1671 3298 1874 3363 Cythera
1891 3332 1906 3356 ,
1941 3299 1992 3349 δε
2010 3307 2225 3352 Amatur.
2269 3308 2329 3354 Et

1325 3385 1448 3436 quan
1514 3384 1590 3416 arn
1633 3366 1750 3416 tales
1792 3366 1882 3416 fint
1919 3367 1986 3417 h:
2015 3383 2108 3420 tres
2152 3367 2331 3431 insuit.

1328 3453 1429 3486 non
1474 3453 1489 3485 ι
1520 3437 1567 3484 in
1599 3449 1747 3483 unum
1762 3451 1842 3483 cor
1942 3435 2174 3489 transeant
2189 3472 2208 3499 ‚
2242 3441 2328 3492 uni

1328 3504 1578 3554 Britanni:
1593 3515 1819 3554 terrarum
1835 3452 1989 3572 &iis
2005 3538 2024 3565 ‚
2052 3522 2132 3558 aut
2155 3508 2326 3579 opibus

1328 3576 1404 3624 vix
1420 3587 1549 3639 pares
1564 3570 1672 3620 lint.

1398 3656 1424 3691 2
1460 3639 1624 3704 Pristis
1653 3656 1816 3706 quoque
1844 3642 2090 3709 temporibus
2111 3643 2331 3695 aemr'ein-

1324 3710 1446 3773 dytis
1491 3706 1693 3771 sltem,
1723 3712 1946 3757 materias„
1963 3712 2128 3773 fabulis
2157 3712 2330 3776 dedic}

233 3776 375 3847 phagi
390 3777 733 3846 fiveCyclopes.
754 3788 795 3831 u
859 3794 907 3827 es
921 3779 1149 3844 praeeipuae
1165 3776 1263 3826 fue·
1328 3783 1455 3827 Cum
1469 3777 1597 3825 enim
1618 3775 1763 3823 Graeci
1783 3808 1800 3832 ,
1847 3776 2000 3845 inquit
2018 3784 2250 3829 Mercator
2277 3780 2328 3827 in

229 3862 343 3899 tunt
366 3845 591 3916 Syracusa
607 3879 630 3911 ‚
664 3846 808 3899 fonte
825 3842 1093 3907 Arethusa,
1123 3845 1265 3914 &ge-
1331 3847 1564 3906 Atlante,
1602 3842 1788 3895 ltaliam
1814 3844 1876 3894 ab
1911 3845 2112 3915 Hespero
2123 3846 2331 3895 Atlantis

1711 3920 1797 3965 Aa
1827 3931 1847 3981 ς
2240 3910 2343 3961 filio
