2738 4475
478 238 618 313 ¹44
936 193 1452 291 Eunno'nm.
1524 222 2025 293 Sel-rrttrcr

451 336 723 414 diluisset
757 341 1077 414 Antonio.
1127 343 1251 416 Sed
1289 353 1436 414 cum·
1478 342 1698 413 omnia
1737 342 2018 436 ejusdem
2056 363 2226 415 notae
2258 344 2520 430 essentf

450 444 585 512 n‘on
608 442 806 512 averti
821 462 1069 512 tantum
1086 438 1306 513 artifex
1326 463 1431 512 aut
1451 437 1739 540 spernere
1757 473 1783 536 3
1799 440 1902 513 sed
1921 443 2259 514 convitiari
2275 468 2346 513 ac
2369 470 2503 541 pa·-

452 542 582 612 lam
634 565 765 611 non
815 538 1237 637 impostorem
1292 540 1492 612 modo
1514 589 1538 625 ‚
1604 539 1710 612 fed
1749 538 1950 613 furem
2002 541 2216 614 dicere
2251 545 2495 639 coepit.

453 644 805 736 Qotquot
840 631 1440 736 vero'permeabant
1475 660 1589 736 per
1620 638 1944 731 sublicium
1968 661 2236 739 pontem
2259 688 2281 722 ‚
2334 667 2494 713 cum

450 740 653 808 teneri
675 732 880 823 furem
913 742 1250 808 crederent
1270 785 1292 819 ,
1332 737 1414 809 fic
1453 736 1764 811 restabant
1785 764 1929 811 ante
1949 741 2493 826 zaediculaelimem

447 856 517 907 nt
538 838 748 907 liberae
767 834 953 910 un'dae
971 836 1049 906 ad
1084 833 1121 904 s
1111 837 1311 907 ubditi
1334 838 1538 907 obicis
1560 841 1896 909 retinacula
1916 840 2322 937 colliguntur.
2384 847 2491 911 At

448 959 575 1034 ego
609 960 740 1004 non
779 936 932 1005 alias
961 937 1165 1006 minus
1187 937 1360 1008 vivus
1394 962 1662 1014 omnem
1694 939 1931 1009 doloris
1964 933 2206 1008 sensum
2249 938 2492 1011 amise÷
2570 963 2577 968 ·

446 1056 579 1106 ram
606 1065 630 1126 3
661 1058 778 1104 nec
818 1034 1222 1106 advertebam
1262 1036 1865 1108 hominemomnes
1887 1036 2151 1109 vestium
2193 1062 2487 1109 mearum

446 1130 711 1206 recessus
749 1134 1114 1232 importune
1132 1132 1546 1219 scrutantem,
1589 1136 1923 1235 palamque
1940 1132 2313 1211 efferentem
2341 1131 2489 1207 saxa
2578 1144 2581 1145 *

447 1252 846 1331 gemmarum
864 1236 1078 1304 colore
1097 1236 1268 1303 testa
1288 1279 1309 1313 ,
1331 1235 1593 1306 laminas
1613 1260 1820 1307 aeneas
1843 1285 1865 1320 ,
1888 1261 2026 1333 quae
2047 1234 2173 1306 auri
2196 1222 2487 1331 speciem

446 1332 625 1402 tenui
659 1331 950 1403 caelatura
986 1353 1323 1406 traxerant.
1377 1334 1579 1433 Igitur
1596 1360 1727 1404 non
1747 1337 2014 1431 amplius
2038 1333 2372 1405 audiebam
2414 1354 2490 1404 ut

451 1430 617 1501 latro
636 1486 656 1514 ,
700 1427 806 1501 sed
827 1451 894 1502 ut
926 1431 1311 1503 adulterator
1325 1452 1614 1509 monetae
1646 1442 1710 1509 δι
1738 1433 2006 1531 publica:
2027 1433 2338 1506 vindifflz
2358 1429 2494 1504 ser-

447 1529 692 1601 vandus
709 1574 732 1609 ‚
769 1555 912 1600 cum
962 1529 1221 1603 subinde
1239 1532 1643 1605 redeuntibus
1664 1535 1877 1605 nervis
1897 1535 1961 1605 in
1980 1532 2106 1604 boc
2124 1528 2350 1605 saltem
2369 1532 2501 1606 mi·—

452 1624 574 1698 seri
606 1624 815 1728 sensus
855 1651 1231 1726 patuerunt,
1266 1657 1349 1704 ne
1392 1633 1757 1732 ignorarem
1778 1657 1885 1705 me
1902 1630 2324 1706 miserrimum
2343 1628 2495 1729 esse.

452 1731 636 1799 Tum
674 1725 943 1827 profusis
977 1729 1354 1828 lachrymis,
1391 1732 1695 1829 vultuque
1725 1730 1836 1829 qui
1870 1755 1999 1802 non
2047 1754 2297 1804 tantum
2325 1730 2365 1804 ὲ
2387 1754 2500 1804 me

449 1822 628 1899 nefas
647 1827 1049 1902 commissum
1069 1829 1192 1902 effe
1231 1829 1517 1913 diceret,
1568 1831 1696 1919 jam
1736 1830 2026 1901 silentem
2064 1833 2377 1926 populum
2416 1838 2491 1903 &

399 1926 748 2001 ·-audiendi
778 1928 1032 2001 avidum
1071 1924 1293 1999 affatus
1327 1924 1486 1998 sum.
1532 1929 1601 1997 Si
1636 1951 1768 1997 non
1803 1928 2019 1997 omnis
2052 1925 2298 1996 miseris
2318 1923 2485 1995 fides

350 2073 356 2079 -
447 2026 976 2098 cumcalamitate
994 2026 1286 2107 decedit,
1318 2024 1474 2093 illud
1490 2025 1670 2113 juro,
1711 2047 1840 2092 non
1860 2021 2093 2093 scelere
2114 2044 2302 2100 meo,
2356 2045 2481 2092 nec

449 2119 664 2194 staude
681 2167 703 2200 ‚
742 2122 808 2192 id
831 2122 1131 2220 quicquid
1148 2119 1242 2192 est
1261 2121 1585 2191 concitum
1608 2118 1801 2191 turbae
1824 2146 1843 2189 t
1869 2122 2093 2191 Virtus
2114 2164 2136 2199 ‚
2161 2127 2224 2190 &
2248 2116 2479 2189 credu-

445 2221 590 2293 litas
624 2215 773 2291 fidei
809 2245 967 2292 meae
1006 2216 1222 2300 testis,
1275 2219 1342 2290 in
1379 2217 1491 2289 has
1530 2244 1638 2290 me
1674 2218 1987 2318 angustias
2026 2220 2471 2312 conjecerunt,

444 2316 706 2393 malitiae
725 2315 983 2415 dolique
998 2320 1257 2406 tudem;
1297 2317 1380 2391 de
1395 2341 1523 2415 quo
1540 2315 1607 2387 id
1622 2316 1922 2388 haetenus
1942 2313 2097 2388 senfi
2116 2362 2139 2398 ‚
2193 2316 2477 2415 primum

443 2417 569 2491 esse
604 2410 780 2500 nefas
811 2418 880 2488 in
894 2414 957 2490 se
977 2417 1352 2498 admittere,
1392 2411 1815 2488 secundumin
1833 2417 1959 2487 alio
1978 2412 2288 2513 suspicati.
2341 2420 2481 2485 Ita-

445 2542 571 2617 que
586 2541 730 2588 cum
749 2513 886 2588 heri
904 2517 1091 2591 bonae
1110 2515 1261 2589 fidei
1278 2517 1760 2616 integritatem,
1814 2510 1918 2586 seu
1949 2514 2158 2587 verbis
2178 2563 2200 2596 ,
2248 2508 2354 2586 seu
2368 2513 2478 2582 in·

446 2616 616 2689 cessu
637 2665 661 2702 ,
699 2610 805 2686 seu
824 2617 1017 2689 etiam
1035 2618 1250 2717 aliquo
1268 2615 1446 2712 gestu
1463 2660 1484 2693 ‚
1506 2615 1791 2685 incautus
1811 2611 2218 2709 prodidissem
2243 2656 2265 2693 ‚
2316 2606 2484 2682 visus

445 2715 581 2788 firm
602 2714 1043 2813 praestigiatori
1059 2714 1419 2815 turpissimo
1433 2711 1639 2785 facilis
1662 2713 1874 2811 praeda
1898 2760 1921 2796 ,
1960 2720 2026 2787 &
2050 2737 2189 2812 quae
2208 2712 2487 2783 maculas

448 2815 651 2913 magis
690 2812 1012 2909 pondere,
1055 2841 1244 2914 quam
1279 2812 1550 2900 exeundi
1570 2811 1912 2885 subtilitate
1934 2810 2272 2882 turbarem.
2325 2810 2481 2881 Nec

449 2914 633 2987 inum
652 2906 881 2983 fefellit
895 2915 1142 3010 opinio.
1199 2916 1380 2987 Nam
1400 2912 1535 2983 haec
1557 2935 1736 3010 paene
1756 2911 1964 2982 inania
1979 2931 2371 3010 gemmarum
2397 2905 2481 2979 si-

450 3011 770 3091 mulachra
787 3004 1234 3112 sesquit'alento
1262 3014 1665 3109 permutavit.
2472 3063 2477 3070 .

552 3115 729 3186 Cum
764 3137 897 3182 non
929 3108 1131 3184 solum
1162 3104 1554 3182 lamentabili
1575 3107 1732 3181 fletu
1751 3104 2069 3180 sermones
2087 3125 2309 3190 menz,
2363 3098 2477 3178 sed

446 3214 631 3282 omni
662 3211 857 3284 etiam
897 3210 1301 3284 execratione
1340 3208 1701 3293 firmarem,
1756 3204 2216 3278 circumstantis
2256 3204 2482 3374 populi

450 3309 764 3405 impetum
798 3308 1010 3383 statim
1049 3305 1233 3409 fregi.
1291 3312 1514 3407 Itaque
1551 3311 1686 3380 aliis
1720 3305 1799 3377 ad
1831 3304 2057 3392 risum,
2097 3303 2261 3403 pluri
2308 3328 2377 3373 us
2400 3304 2480 3375 ad

451 3405 1075 3486 commiserationem
1115 3406 1343 3491 versis,
1395 3430 1551 3507 peto
1584 3433 1701 3507 rog
1796 3426 1874 3476 ue
1908 3450 1931 3486 ‚
1991 3425 2074 3476 ne
2105 3402 2269 3477 mihi
2301 3403 2475 3473 nullo

450 3505 685 3580 merito
703 3505 1076 3604 calamitoso
1095 3507 1321 3592 desintz
1374 3530 1523 3580 eant
1544 3533 1663 3579 una
1680 3509 1745 3576 iu
1790 3502 2165 3603 ycophantae
2185 3503 2473 3583 domum,

449 3611 518 3679 δε
538 3600 785 3677 sceleris
806 3627 937 3678 tam
959 3609 1193 3679 atrocis
1223 3609 1554 3701 praemium
1579 3632 1656 3676 cx
1678 3600 2043 3678 facinorosis
2064 3598 2348 3676 manibus
2366 3624 2484 3671 ex-

447 3722 814 3807 torqueant.
865 3705 942 3778 ld
957 3704 1182 3781 saltem
1200 3702 1489 3794 solatium
1514 3705 1903 3806 paupertatis
1926 3700 2102 3811 sore,
2140 3699 2333 3812 sinon
2352 3698 2481 3768 ini-

377 3815 382 3818 *
2221 3817 2470 3872 nucum
