2738 4475
458 228 597 313 1182
928 234 2063 330 Eopnonm.,sawvnc1‘

455 368 521 442 ,δι
553 368 971 436 Anemonem
989 362 1447 446 habebam,hac
1467 392 1654 464 paene
1669 368 1962 440 oratione
1984 360 2252 434 studium
2276 366 2561 436 menni*-

455 460 713 539 Pedoni
728 460 1039 534 confessus
1063 460 1223 536 sum.
1253 471 1415 538 Non
1437 462 1624 538 facile
1638 466 1994 564 expleveris
2010 488 2300 564 agrorum
2324 460 2517 534 [irim

457 560 769 632 debilibus
801 564 949 632 rivis
967 620 987 648 ‚
1027 568 1213 634 autin
1233 566 1451 662 inopia
1474 566 1880 638 dominorum
1900 566 2174 636 multum
2198 586 2277 634 ex
2300 558 2522 632 fortu-

459 686 559 732 nae
593 656 923 730 beneficiis
957 664 1221 736 hauries,
1279 668 1429 766 Ego
1467 692 1596 736 non
1618 666 1854 764 vulgari
1876 664 2158 734 artificio
2176 666 2514 734 literarum

457 758 797 830 instruens
821 806 843 840 ‚
883 761 959 832 ad
997 762 1159 834 hanc
1177 764 1397 838 urbem
1421 769 1620 840 veluti
1641 766 1712 838 ad
1736 766 2102 836 divitiarum
2124 758 2380 834 fontem
2400 786 2524 832 ac-

455 856 633 928 ceffi:
657 856 761 928 sed
783 860 1189 960 posteaquam
1209 862 1367 934 mihi
1387 868 1620 964 largius
1642 866 2104 962 compendium
2124 884 2234 932 tua
2248 862 2328 932 de
2348 870 2526 936 Pro-

459 978 697 1054 tagone
715 962 923 1032 oratio
947 962 1233 1058 promisit
1247 1020 1267 1046 ,
1289 988 1371 1034 eo
1391 962 1646 1038 strenue
1658 968 2084 1063 cupiditatem
2104 966 2356 1054 conjeci
2378 1010 2400 1044 ‚
2422 984 2520 1032 ne

453 1052 677 1127 saltem
693 1062 1105 1158 negligent-ix
1125 1084 1562 1160 paupertatem
1584 1068 1924 1164 imputem.
1980 1068 2144 1134 Non
2176 1058 2368 1132 facile
2404 1060 2522 1130 di-

453 1156 659 1226 xerim
682 1208 705 1240 ,
745 1182 825 1228 an
847 1162 1187 1232 crediderit
1208 1164 1385 1234 Pedo
1403 1164 1560 1234 illud
1584 1166 1744 1236 mihi
1760 1166 1914 1236 utile
1928 1160 2064 1234 esse
2080 1212 2104 1246 ,
2142 1186 2220 1230 an
2238 1160 2274 1230 :i
2296 1162 2502 1230 latere

455 1258 707 1336 amoliri
729 1260 994 1330 voluerit
1015 1260 1289 1356 pristinae
1309 1262 1496 1334 sortis
1510 1260 2060 1334 invidiofissimum
2080 1256 2330 1332 testem:
2354 1282 2504 1328 cer·-

457 1374 523 1426 te
557 1356 941 1427 collaudavit
979 1380 1267 1432 mentem
1305 1388 1514 1434 meam
1536 1412 1558 1446 ,
1593 1372 1662 1436 &
1700 1366 1788 1434 ita
1806 1362 2128 1460 peroravit
2146 1358 2224 1428 de
2248 1354 2496 1428 familia

453 1458 841 1552 ,Protagonis
863 1504 885 1542 ,
919 1458 1087 1556 quasi
1107 1460 1291 1532 staret
1317 1464 1381 1532 in
1401 1464 1626 1536 limine
1644 1460 1912 1534 felicitas
1932 1508 1954 1544 ‚
1986 1462 2368 1532 invitantem
2390 1460 2494 1528 ul-

453 1570 559 1622 tro
579 1580 835 1624 manum
859 1556 1314 1630 humanissima
1333 1560 1736 1660 benignitate
1758 1562 2170 1662 protendens.
2218 1562 2306 1630 Et
2332 1582 2516 1630 mea:-

451 1652 827 1724 eruditionis
865 1654 1154 1730 conscius
1189 1686 1359 1732 eram
1379 1720 1401 1746 ‚
1443 1670 1510 1734 &
1538 1664 1882 1736 credebam
1902 1664 2170 1762 ingenio
2184 1656 2502 1730 honorem

453 1748 695 1824 haberi.
749 1758 1109 1856 Speitaque
1131 1756 1393 1830 fortunae
1413 1808 1437 1840 ‚
1475 1766 1734 1862 meique
1756 1764 1984 1836 fiducia
2004 1764 2280 1860 repletus
2302 1808 2324 1844 ,
2376 1760 2498 1828 iter

453 1852 627 1946 quod
675 1853 763 1922 dii
799 1854 963 1926 bene
1003 1880 1325 1930 verterent
1361 1860 1427 1928 in
1467 1862 1908 1934 Eleutheriam
1946 1862 2292 1954 auspicatus
2328 1856 2488 1928 sum.

457 1954 475 1982 ¹
505 1952 747 2020 Primus
771 1948 937 2026 forte
959 1958 1099 2052 post
1119 1958 1433 2028 Kalendas
1455 1958 1592 2028 dies
1616 1980 1790 2044 erat3
1828 1980 1898 2028 ut
1916 1984 2034 2028 nec
2052 1980 2242 2026 omen
2272 1952 2482 2022 fatali-

454 2046 571 2118 bus
615 2048 877 2122 miseriis
919 2054 1189 2126 deesset.
1237 2056 1357 2127 Sed
1389 2054 1612 2126 eadem
1652 2058 1912 2126 numina
1932 2106 1954 2140 ‚
1988 2078 2126 2151 quae
2144 2050 2354 2120 clades
2370 2076 2480 2118 au-

451 2149 646 2245 guriis
669 2151 1061 2249 significant,
1099 2155 1457 2225 admonitos
1484 2158 1784 2225 mortales
1804 2153 1922 2225 suis
1944 2153 2214 2223 confinis
2238 2149 2328 2219 uti
2344 2175 2484 2221 non

451 2247 679 2321 linunt.
737 2255 945 2323 Dives
967 2249 1201 2337 solum,
1241 2277 1311 2323 ac
1329 2253 1712 2349 oppidorum
1732 2257 1934 2325 cultus
1960 2299 1982 2333 ,
2024 2257 2086 2323 &
2110 2253 2492 2346 supervacua

453 2345 805 2421 humanitas
839 2353 905 2423 in
941 2353 1201 2449 ignotos
1238 2399 1261 2435 ,
1315 2349 1508 2423 fidem
1546 2355 1796 2425 Pedoni
1828 2353 1998 2447 'apud
2036 2377 2140 2423 me
2178 2347 2480 2421 faciebat.
2553 2429 2565 2435 „

441 2449 747 2523 Tandem
769 2453 831 2521 in
855 2453 1025 2523 urbis
1043 2451 1319 2523 confinia
1339 2477 1754 2551 perveneram
1778 2503 1802 2537 ,
1824 2455 1930 2525 ubi
1950 2463 2382 2549 Protagonem
2402 2457 2473 2520 δι

449 2547 799 2621 Fortunam
839 2551 1125 2625 habitare
1163 2553 1488 2625 constabat
1508 2585 1532 2645 3
1588 2555 1782 2625 nium
1820 2557 2198 2651 appellatur.
2250 2553 2490 2647 Neque

449 2651 673 2743 procul
711 2647 925 2719 senem
951 2657 1189 2747 optimi
1215 2657 1419 2725 vultus
1439 2711 1459 2739 ,
1504 2663 1570 2725 δε
1642 2681 1788 2727 uem
1804 2655 2198 2753 oppidanum
2220 2675 2298 2719 ex
2318 2651 2498 2747 equi-

447 2743 623 2809 tandi
643 2747 889 2813 ratione
907 2771 1345 2841 cognoveram
1365 2799 1389 2833 ‚
1421 2681 1698 2853 auguliae
1718 2755 1832 2825 viae
1852 2753 2176 2824 beneficio
2192 2751 2490 2831 conveni,

445 2845 513 2909 ὃ(
537 2859 787 2931 captata
807 2841 1113 2909 sermonis
1133 2851 1391 2943 origine
1407 2903 1429 2935 ‚
1451 2859 1728 2949 primum
1746 2853 1826 2921 de
1842 2849 2126 2923 aedificiis
2148 2847 2310 2915 urbis
2334 2893 2354 2925 ‚
2378 2849 2498 2917 de-

447 2958 571 3031 que
605 2937 777 3007 vic'tu
815 2945 883 3011 δι
911 2935 1371 3017 consuetudine
1391 2953 1630 3022 civium
1652 2949 1928 3049 quaesivi.
1984 2945 2490 3019 Procedentibus

447 3035 681 3107 deinde
699 3033 1087 3109 sermonibus
1109 3041 1411 3139 rogabam
1433 3091 1453 3125 ‚
1498 3051 1724 3144 quibus
1748 3047 1958 3119 studiis
1982 3049 2086 3117 illa
2101 3043 2330 3113 civitas
2356 3041 2486 3113 flo-

449 3159 617 3207 reret
636 3185 659 3221 ‚
695 3145 759 3211 &
799 3139 907 3237 qui
927 3139 1349 3235 plurimumin
1369 3169 1443 3213 ea
1467 3145 1760 3217 homines
1780 3143 2072 3241 poffent3
2122 3145 2318 3213 etiam,
2340 3147 2492 3241 qui-

447 3233 561 3305 bus
587 3241 967 3309 ceremoniis
989 3235 1297 3313 sacrorum
1313 3241 1594 3315 obnoxia
1626 3265 1968 3317 teneretur.
2020 3241 2490 3315 Tendebamus

449 3333 517 3403 in
535 3335 773 3407 aditum
797 3339 963 3409 urbis
983 3397 1005 3425 ‚
1049 3341 1155 3439 qui
1180 3345 1465 3415 Honoris
1484 3343 1738 3413 obtinet
1756 3367 1994 3413 nomen
2024 3393 2048 3427 ,
2082 3369 2226 3413 cum
2246 3345 2360 3415 ille
2376 3347 2480 3417 in-

447 3435 609 3521 tueri
629 3435 707 3505 ad
727 3435 1051 3511 dexteram
1067 3439 1243 3533 juffit
1261 3499 1286 3529 ‚
1338 3443 1445 3515 ubi
1465 3443 1782 3517 mediocre
1804 3437 2022 3515 fanum
2044 3467 2176 3515 erat
2196 3489 2218 3525 ‚
2262 3451 2328 3519 δι
2348 3467 2480 3517 tur-

2388 3545 2476 3615 ris

521 3683 547 3719 1
577 3673 967 3743 Primusfhrtepoff
981 3676 1297 3737 Kaelaendaecds'es
1311 3693 1421 3735 em,
1489 3691 1710 3742 quantem
1730 3677 1958 3731 Kalendas
1974 3683 2178 3747 Ianuarii
2206 3681 2330 3735 inter
2344 3661 2472 3735 atron

445 3751 493 3787 ne
525 3757 597 3787 nec
629 3759 745 3789 omen
777 3747 989 3803 fatalibus
1015 3749 1193 3813 austri&
1219 3747 1419 3815 ἀπῇα]
1486 3751 1586 3799 dies
1632 3745 1766 3797 fuiffe
1810 3743 1838 3797 ὶ
1886 3754 2116 3803 Romanis
2160 3765 2468 3803 numeram

445 3805 589 3861 Notat
617 3809 815 3863 Rufinus
843 3811 981 3875 lib.4.
1009 3831 1105 3885 cap.
1123 3833 1171 3883 4.
1203 3817 1331 3869 diem
1357 3815 1423 3869 se·
1488 3817 1756 3871 Constant
1768 3817 1910 3871 ovid.
1928 3819 2338 3873 iuliis-fastorum.

2296 3895 2468 3947 tum
