2738 4475
891 215 1718 291 Paaslv.‘
2141 212 2275 311 369

207 357 400 409 tuum
420 335 655 410 variam
674 333 1117 413 imitationem
1137 359 1364 436 putant
1377 337 1681 410 accedere
1700 360 1722 417 ς
1742 333 2271 436 ignarae,lep61is

210 446 292 511 ἃ
322 438 548 536 gratiae
590 437 827 509 virtute
854 438 921 509 in
943 439 1270 511 nonnullis
1294 435 1666 509 hominibus
1685 461 1815 505 uno
1831 434 2032 535 genio
2051 436 2278 502 cuneta

218 539 482 633 placere
506 566 530 624 3
564 535 633 607 in
653 537 794 607 aliis
818 559 1028 626 autem
1051 585 1073 619 ‚
1098 541 1166 610 in
1186 536 1416 636 quibus
1433 538 1687 608 Natura
1707 535 1781 607 ad
1802 533 1921 605 bos
1942 531 2283 606 mutabiles

208 633 474 705 habitus
514 637 797 734 propitia
829 662 963 708 non
984 636 1118 719 est,
1172 634 1458 730 ejusdem
1481 631 2280 712 venustatisimitationem

227 742 303 807 &
327 759 543 806 curam
565 736 877 835 ingratam
898 762 970 807 ac
990 737 1298 808 ludicram
1318 731 1469 807 effe.
1523 736 1700 808 Nam
1719 735 1983 804 virtutes
2006 740 2071 804 δι
2098 732 2280 815 vitia,

226 840 301 905 &
396 834 707 932 uicunque
743 835 850 906 alii
891 857 1104 909 motus
1146 834 1296 933 ipfis
1330 836 1526 905 animi
1560 831 1898 905 recesfibus
1933 831 2276 915 inhaerenr,

228 860 486 1028 poilisnt
523 931 561 1002 a
593 933 773 1004 nobis
807 959 944 1005 non
983 937 1255 1009 multum
1287 929 1555 1032 operosa
1599 932 2000 1002 ssmulatione
2023 931 2278 1032 effingi,

226 1032 384 1128 quia
416 1029 574 1102 adeo
591 1032 962 1133 ingentibus
981 1034 1238 1106 latebris
1261 1032 1695 1105 reconduntur
1710 1030 1908 1116 nostri
1927 1029 2129 1101 sensus
2149 1081 2172 1117 ‚
2206 1052 2276 1101 ut

218 1133 334 1200 vix
371 1131 527 1201 ullus
565 1130 1012 1231 deprehendat
1029 1180 1051 1214 ‚
1091 1135 1254 1205 veris
1294 1158 1375 1205 an
1400 1131 1920 1229 extemporaneis
1941 1129 2275 1203 affeffibus

211 1228 630 1304 deducamur.
701 1234 810 1306 Sic
848 1228 1033 1306 facile
1065 1232 1499 1305 humilitatem
1520 1229 1837 1302 fimulabis
1869 1256 1895 1319 3
1928 1229 2007 1301 fic
2023 1231 2276 1312 odium,

216 1352 541 1417 amorem,
563 1330 902 1431 pietatem.
920 1337 1016 1406 At
1037 1357 1193 1405 vero
1209 1356 1352 1444 quae
1377 1354 1510 1400 non
1531 1329 1735 1429 magis
1758 1330 2033 1427 imperio
2046 1332 2276 1414 animi,

211 1453 416 1526 quam
438 1425 547 1500 usu
565 1477 589 1511 ,
613 1439 681 1502 &
702 1452 972 1502 externo
993 1454 1280 1525 corporis
1303 1425 1612 1525 obsequio
1633 1477 1655 1514 ‚
1675 1425 2128 1527 perficiuntur,
2158 1456 2278 1503 eo·

212 1554 364 1599 rum
390 1529 752 1626 imaginem
767 1530 838 1598 in
855 1548 924 1599 te
939 1524 1275 1599 transferre
1294 1572 1317 1607 ‚
1337 1528 1687 1599 reluctante
1705 1551 1929 1599 natura
1946 1583 1963 1610 ,
2001 1555 2134 1601 non
2154 1557 2282 1629 po-

219 1625 387 1696 teris
410 1679 432 1708 ,
487 1648 560 1695 ut
596 1624 693 1695 est
727 1624 1023 1722 aptitudo
1060 1626 1347 1721 corporis
1381 1649 1685 1722 prompto
1706 1624 2029 1726 habilique
2046 1628 2282 1701 decore

158 1763 161 1764 f
224 1721 506 1802 idonea,
542 1742 615 1794 ut
634 1720 847 1796 hilaris
863 1724 1126 1819 jocandi
1145 1721 1414 1796 facilitas
1433 1780 1456 1809 ,
1500 1731 1563 1797 &
1590 1724 1868 1796 omnino
1888 1728 2282 1825 eloquentia,

222 1845 369 1893 non
388 1822 456 1892 in
477 1823 867 1919 praecordiis,
892 1821 1002 1896 sed
1019 1820 1269 1896 summo
1283 1848 1397 1895 ore
1415 1842 1584 1894 nata.
1635 1828 1805 1897 Haec
1829 1847 2037 1896 autem
2055 1828 2286 1899 cumin

214 1921 446 1994 Gallia
469 1919 932 1994 consuetudine
952 1924 1284 1994 emineant
1299 1972 1323 2009 ,
1362 1923 1698 2021 aegerrime
1734 1945 1802 1994 te
1823 1922 1902 1993 ad
1922 1925 2087 1995 illius
2108 1924 2286 1997 simi-

216 2018 569 2094 litudinem
589 2017 967 2108 transferes,
1003 2021 1120 2094 nili
1150 2019 1216 2094 se
1257 2042 1400 2093 tuus
1420 2024 1644 2122 genius
1663 2019 1813 2095 huic
1834 2022 2042 2095 indoli
2059 2019 2287 2124 sponte

220 2120 606 2194 admoverit.
2167 2163 2174 2170 ·

327 2224 663 2295 Caeterum
695 2246 1021 2323 nunquam
1064 2217 1271 2295 Orbis
1292 2219 1517 2321 dignas
1533 2220 1766 2320 gratias
1782 2217 2082 2319 hospitali
2106 2223 2281 2296 Gal-

226 2320 330 2391 liae
349 2318 610 2392 babebit
631 2377 651 2405 ,
670 2348 807 2420 quae
826 2321 1243 2395 humanitatis
1260 2323 1574 2418 ternplum
1595 2321 1845 2394 videtur
1865 2323 2131 2419 aperire,
2150 2348 2284 2422 quo

226 2416 291 2492 se
326 2421 627 2492 omnium
644 2442 1054 2495 externorum
1072 2417 1324 2494 fortuna
1341 2420 1646 2512 conjiciat
1663 2467 1687 2501 ‚
1729 2422 2041 2493 Animum
2059 2422 2128 2493 in
2151 2422 2283 2491 ho-

225 2518 508 2594 rninibus
527 2575 547 2601 ‚
587 2543 722 2589 non
758 2521 1027 2617 patriam
1044 2518 1344 2594 aestimat.
1410 2523 1656 2617 Neque
1673 2519 2005 2590 communi
2023 2539 2287 2589 caetera·

227 2641 373 2687 rum
390 2617 733 2715 regionum
753 2642 1004 2704 errore,
1036 2618 1191 2690 inin
1241 2618 1457 2691 uilinis
1474 2668 1500 2706 ,
1539 2642 1614 2689 ac
1640 2616 1898 2689 advenis
1919 2662 1942 2697 ‚
1981 2613 2284 2690 nascendi

230 2711 477 2787 sortem
512 2714 718 2811 punit.
788 2723 891 2789 Ita
929 2645 1487 2817 candidolrmplici
1541 2741 1617 2789 ue
1635 2740 1852 2789 amore
1870 2716 2122 2787 virtutis
2144 2716 2289 2788 exi-

142 2852 147 2859 ·
233 2814 408 2888 mios
430 2813 605 2884 viros
621 2863 645 2900 ,
674 2813 1077 2916 undiquaque
1094 2814 1471 2915 prodierint,
1493 2744 1626 2888 line
1645 2815 1879 2889 invidia
1897 2818 2184 2899 miratur,
2211 2826 2285 2890 δε

225 2910 332 2986 sua
369 2914 704 3012 opulentia
790 2916 980 2989 audet
1009 2918 1222 3016 augeri
1243 2965 1269 3003 ,
1303 2919 1459 2989 &in
1478 2937 1666 2990 tantae
1687 2915 2100 2990 humanitatis
2123 2942 2286 3014 prae-

231 3015 432 3111 mium
450 3012 648 3086 habet
669 3040 752 3114 pu
798 3016 993 3090 licam
1061 3020 1294 3090 timum
1313 3018 1600 3092 laudem:
1657 3038 1795 3087 tum
1817 3019 2014 3089 etiam
2037 3037 2138 3086 tot
2162 3016 2284 3084 ho·

231 3110 462 3209 spitum
483 3109 805 3187 fortunam
827 3164 854 3201 ‚
891 3141 965 3187 ac
1014 3141 1226 3189 amam
1248 3171 1266 3199 ,
1313 3119 1423 3217 qui
1465 3117 1735 3190 Gallico
1750 3116 2008 3213 corpori
2027 3137 2161 3184 non
2182 3112 2289 3182 in-

182 3209 187 3215 ’
228 3209 431 3311 digna
448 3236 552 3283 aut
566 3214 779 3286 inutili
800 3216 1153 3315 adoptione
1172 3212 1393 3287 inserti
1410 3216 1571 3286 sunt.
1652 3219 1891 3311 Neque
1913 3214 2049 3282 illic
2069 3208 2289 3308 hospi-

228 3310 406 3382 tibus
429 3308 794 3386 dediscendi
815 3312 955 3388 sunt
974 3317 1196 3415 patriae
1231 3311 1355 3386 suae
1388 3337 1602 3385 mores
1622 3358 1646 3392 ,
1700 3333 1805 3381 aut
1840 3309 1919 3382 ad
1957 3310 2284 3385 Gallicam

224 3408 713 3485 similitudinem
747 3411 1055 3487 flectendi
1075 3462 1100 3497 ,
1151 3411 1306 3484 dum
1343 3410 1629 3511 superbia
1664 3408 1816 3481 abfit
1837 3466 1857 3495 ,
1906 3432 2010 3482 aut
2046 3410 2290 3483 inculta

222 3508 582 3581 barbarie&
651 3514 920 3613 Quippe
941 3565 965 3602 ,
997 3513 1128 3612 ipsa
1165 3511 1366 3582 veluti
1399 3507 1790 3609 profeffione
1823 3512 2026 3582 exteri
2062 3513 2287 3594 motis,

226 3607 614 3683 sollicitabis
655 3613 913 3686 curiosae
953 3610 1171 3713 gentis
1210 3607 1414 3681 studia
1433 3656 1457 3690 ‚
1510 3609 1856 3706 simplicius
1916 3613 2247 3709 peregrina
2265 3658 2292 3695 ‚

225 3733 429 3813 quam
452 3706 555 3784 sua
569 3709 943 3792 aestimantis
966 3759 992 3798 ‚
1021 3712 1224 3785 etiam
1254 3708 1547 3808 quaedam
1580 3710 1730 3785 vitae
1764 3728 1867 3780 aut
1886 3712 2170 3810 corporis
2194 3711 2295 3778 vi-

1356 3812 1422 3879 A
1442 3833 1478 3880 a
2175 3810 2290 3890 tia,
