2738 4475
893 288 1765 364 Pansvat
2131 288 2258 366 611

228 420 448 482 quoque
462 406 708 483 corporis
725 414 901 482 partes
917 402 1160 461 saeviiss'et
1177 441 1194 467 ,
1222 402 1321 460 nifi
1351 403 1650 479 Acignius.
1680 398 1885 460 τεὶῐᾶο
1911 400 2257 459 intermanus

230 483 554 543 verberantis
570 483 740 562 pallio
756 521 771 547 .
804 503 900 560 per
920 484 1160 540 mediam
1181 481 1399 538 turbam
1421 479 1613 557 fugere
1627 477 1892 553 coepisset.
1949 480 2144 554 Neque
2159 482 2256 538 diu

228 576 471 622 moratus
499 563 749 639 Daphnis
775 561 1033 619 reliCtum
1069 559 1298 636 pallium
1332 562 1395 617 in
1414 560 1607 618 militis
1622 557 1821 616 faciem
1842 557 2026 621 mifit,
2064 556 2258 616 hostile

225 638 483 716 spolium.
521 641 632 698 vSed
648 644 701 699 &
721 638 832 705 hic,
849 656 914 698 ut
922 641 1125 718 justam
1147 633 1430 695 rusticiliti
1436 640 1619 713 gantis
1628 636 1915 714 querelam
1930 635 2150 700 leniret,
2162 636 2259 693 ab·

225 721 412 777 stinuit
426 721 648 797 Acignii
664 718 744 795 pal
754 717 851 783 lio,
868 725 923 780 ὃς
939 718 1168 794 reliquis
1180 715 1426 792 permifit
1432 717 1705 791 judicium
1715 757 1728 770 .

299 800 468 855 Tunc
483 800 655 856 Botris
671 817 772 875 pro
789 816 1042 873 praecone
1061 816 1241 874 agens.
1260 797 1318 853 Si
1331 795 1430 873 qui
1448 819 1468 857 *.
1484 797 1669 873 inquit
1687 834 1704 859 ,
1723 795 1923 853 restant
1935 792 2256 870 litigatores,

226 874 328 934 hos
346 875 620 934 universos
632 881 686 936 δι
700 875 944 953 fingulos
956 875 1023 933 ad
1045 877 1149 933 hoc
1165 873 1411 933 tribunal
1427 873 1567 931 fisto.
1609 876 1742 932 .Nec
1778 874 1969 940 ωσι-ἐις
2006 872 2091 930 vir
2122 892 2256 950 qua·

227 953 512 1032 dragenari
520 976 598 1022 us,
613 969 677 1013 ut
691 955 998 1031 apparebat,
1013 954 1303 1031 paululum
1320 953 1569 1012 semotus
1585 950 1616 1010 a
1632 952 1789 1011 turba
1807 990 1823 1015 ,
1837 950 2047 1027 ejulans
2065 990 2082 1015 ,
2098 971 2157 1009 ac
2173 950 2258 1010 di·

225 1031 431 1168 Ιῖξίαοε
461 1035 724 1114 ὶῑιηκωωεν
740 1037 918 1093 crines
932 1075 949 1102 ,
981 1048 1044 1092 ut
1058 1047 1184 1092 ante
1204 1052 1297 1091 me
1311 1032 1461 1090 stetit
1481 1070 1499 1093 .
1525 1032 1586 1089 in
1606 1033 1755 1090 hunc
1771 1029 1884 1088 fere
1901 1032 2142 1089 modum
2159 1031 2256 1088 de·
2298 1074 2305 1080 .

224 1127 257 1168 c
309 1113 499 1170 mavit.
1260 1159 1282 1168 -

303 1191 470 1268 Qod
488 1191 552 1250 ad
561 1190 670 1250 huc
680 1189 829 1269 spiro
848 1198 904 1252 &
925 1192 1053 1250 vivo
1067 1211 1098 1257 ,·
1115 1189 1249 1250 fecit
1284 1190 1640 1249 mendacium
1662 1212 1676 1247 :
1716 1187 1863 1265 quod
1883 1186 2047 1246 hodie
2067 1187 2256 1247 vobis-

223 1285 354 1326 cum
373 1273 516 1328 mori
534 1272 758 1350 gestiam
782 1311 800 1337 ,
829 1273 1044 1329 Veritas
1060 1270 1242 1328 faciet.
1297 1275 1452 1330 Intus
1467 1271 1544 1327 est
1556 1267 1947 1345 accusatorqui
1966 1286 2057 1334 me
2073 1268 2137 1325 ad
2154 1268 2256 1325 tri-
2290 1281 2295 1290 ’

221 1346 387 1405 huual
401 1350 641 1407 vestrum
661 1352 847 1409 traxit.
892 1352 1156 1409 Lancinat
1172 1369 1265 1407 me
1275 1349 1614 1406 conscientia
1631 1365 1756 1405 mea
1770 1387 1786 1412 ‚
1802 1349 1857 1404 δι
1877 1348 2117 1404 internas
2132 1346 2256 1406 lites

220 1445 451 1486 movens
467 1468 483 1493 ,
514 1429 657 1504 petit
680 1428 708 1487 a
718 1429 930 1504 justitia
947 1431 1117 1486 vestra
1132 1427 1473 1505 supplicium
1487 1427 1731 1504 dignum
1750 1424 2079 1483 criminibus
2098 1427 2251 1483 meis,

218 1507 499 1564 cruentus
512 1507 772 1583 enfisjam
791 1505 947 1581 super
963 1508 1139 1583 impia
1152 1507 1365 1563 cervice
1382 1505 1615 1582 pendet.
1664 1505 1873 1563 Omnia
1903 1502 2077 1562 lacera
2103 1503 2256 1569 sunt,

221 1585 435 1661 perdita
450 1585 648 1641 omnia
660 1625 678 1651 ‚
697 1584 735 1640 fi
750 1582 916 1640 semel
934 1582 1329 1642 semoverimus
1343 1583 1673 1661 probitatem
1691 1623 1708 1648 ,
1741 1586 1796 1640 ὃ(
1811 1582 1880 1639 ab
1896 1581 2128 1641 horrore
2140 1583 2258 1642 im-

221 1664 491 1720 minentis
522 1663 669 1719 necis
698 1661 1129 1721 subtraxerimus
1149 1683 1347 1741 corpus
1362 1662 1491 1721 alias
1506 1682 1608 1739 pro
1626 1663 1868 1720 Veritate
1886 1663 2254 1720 moriturum.

225 1740 429 1816 Neque
457 1759 565 1818 ego
592 1740 622 1798 a
652 1740 996 1819 benignitate
1021 1744 1191 1800 vestra
1205 1742 1486 1800 licentiam
1505 1741 1722 1799 dicendi
1737 1740 2041 1816 deposcam.
2098 1741 2262 1798 Licet

224 1820 378 1876 enim
397 1818 727 1896 magnitudo
740 1824 822 1876 rei
838 1821 1061 1897 grandia
1075 1821 1238 1878 verba
1254 1819 1500 1878 detrahat
1515 1851 1543 1886 ,⁴
1563 1820 1762 1897 quibus
1790 1818 2047 1878 deberem
2076 1819 2254 1897 loqui,

218 1895 334 1987 ipsa
348 1909 537 1956 tamen
553 1896 795 1956 historia:
812 1899 1054 1958 novitate
1073 1899 1289 1959 securus
1307 1939 1325 1966 ‚
1345 1900 1568 1977 judicio
1598 1917 1729 1957 meo
1743 1897 2070 1956 demerebor
2085 1897 2252 1956 filen-

215 1987 382 2034 num.

293 2054 571 2113 Nondum
592 2055 925 2114 Clodovaeus
937 2056 1216 2133 Typhone
1232 2058 1480 2135 perculso
1494 2068 1723 2114 exuerat
1737 2055 2057 2117 strvitutem
2075 2078 2089 2115 :
2108 2073 2256 2113 non-

207 2132 347 2191 dum
369 2135 674 2208 imperium
696 2136 1022 2212 Protagonis
1052 2149 1363 2213 receperat.-
1412 2141 1465 2195 &
1489 2136 1609 2210 jam
1647 2149 1837 2194 tamen
1870 2137 2103 2212 nuptiae,
2128 2135 2254 2210 jam

207 2212 379 2289 prolis
412 2211 530 2289 spes
547 2255 563 2280 ‚
600 2219 654 2275 8<
673 2216 869 2273 omnia
884 2213 1087 2273 futurae
1101 2216 1260 2293 regni
1280 2213 1562 2273 foelicitati
1581 2215 1976 2273 accommoda:
2022 2216 2248 2273 Circen-

203 2289 284 2349 sts
305 2291 419 2350 ludi
435 2329 451 2352 ‚
472 2291 693 2351 scenicae
705 2306 841 2352 artes
860 2333 877 2358 ,
897 2297 952 2352 δι
969 2294 1222 2371 loquacia
1237 2312 1335 2368 per
1350 2295 1580 2351 lationes
1593 2296 1647 2351 &
1665 2309 1850 2351 mutos
1865 2305 2051 2351 motus
2066 2294 2136 2351 tri
2140 2311 2251 2369 pu-

201 2369 309 2427 dia.
351 2373 502 2428 Inter
529 2390 654 2448 quae
681 2374 976 2431 nobiliores
1003 2372 1523 2443 Eleutherianorum
1555 2373 1713 2449 equis
1742 2373 1954 2431 invecti
1985 2372 2252 2449 Sybariti-

201 2467 330 2506 cam
354 2447 703 2507 saltationem
719 2450 1053 2536 explicuere.
1088 2454 1323 2509 Intentae
1338 2450 1750 2508 sublimioribus
1764 2451 1947 2526 palatii
1966 2452 2124 2509 teffis
2139 2470 2259 2508 nu-

199 2527 297 2585 bes
316 2525 606 2603 spatiosam
625 2547 805 2587 aream
823 2529 1110 2608 tegebant:
1149 2531 1299 2587 Pone
1317 2531 1605 2589 fenestram
1626 2569 1642 2594 ‚
1657 2527 1687 2585 ὲ
1702 2546 1812 2603 qua
1823 2527 2099 2603 spectabat
2109 2547 2245 2585 cum

196 2607 456 2740 {effi}
465 2605 622 2739 {¹3²ss
621 2605 901 2744 mat
903 2606 1611 2765 ’02:32‘33‘03232322535
1615 2609 1777 2744 ‘112232
1790 2609 1935 2760 Ἓξ
1912 2605 2244 2743 εὲἶῖῗὲἓ

207 2760 342 2829 loco
357 2759 599 2818 fiderum
619 2764 767 2821 varia
781 2763 995 2822 lumina
1009 2783 1286 2841 aperuere.
1348 2767 1393 2823 E
1404 2766 1631 2824 summo
1649 2765 1848 2823 deinde
1862 2761 2112 2841 projeEtu
2129 2781 2259 2820 ver·.

206 2836 390 2897 satiles
423 2838 699 2899 machinae
722 2841 1104 2901 descendentes
1121 2846 1394 2902 Venerem
1411 2864 1541 2903 cum
1559 2844 1838 2922 Cupidine
1856 2844 1983 2908 suo,
2015 2839 2248 2900 Gratiis-

202 2936 321 2996 que
336 2957 353 2981 2
374 2918 669 2994 polymnia
689 2963 704 2987 ‚
721 2939 782 2979 ac
804 2922 1019 2981 Pallade
1038 2962 1054 2986 ‚
1083 2941 1255 2981 vacuo
1274 2924 1537 2983 haclenus
1548 2923 1762 2981 theatro
1775 2921 2059 2982 tradidere.
2121 2923 2245 2980 Nec

197 3015 367 3056 mora
383 3025 400 3068 3
432 2997 594 3056 acido
608 3013 770 3058 cantu
786 3003 1019 3061 coelestia
1036 3002 1196 3060 turba
1211 3002 1322 3061 hoc
1336 3003 1492 3061 versu
1507 3005 1665 3080 regni
1682 3003 1915 3061 numina
1931 2999 2199 3060 salutavit.

538 3086 651 3137 Nos
677 3081 845 3157 vestro
867 3080 1092 3159 famula
1118 3084 1242 3159 jugo

367 3157 522 3214 Orbis
558 3161 817 3236 quidquid
840 3160 998 3219 habet
1026 3164 1337 3236 congerimus
1371 3168 1513 3220 Dea,

528 3243 600 3290 Ee
622 3238 809 3313 palmis
845 3243 1063 3314 tegimus
1098 3238 1329 3299 thorum.

371 3311 566 3393 Quem
593 3334 689 3373 non
712 3330 915 3392 tempus
947 3318 1086 3375 edax
1116 3317 1373 3392 destruet,
1402 3315 1727 3394 autsequens

530 3398 705 3449 AEtas.
742 3396 885 3473 Jam
916 3400 1091 3452 veniet
1125 3395 1296 3452 cohors

377 3467 554 3528 Multa
576 3487 729 3546 gente
749 3476 936 3547 gravis
951 3510 968 3531 ‚
1000 3472 1268 3549 fertilibus
1301 3476 1451 3531 comis

537 3547 825 3622 Excuffiara
843 3549 1097 3626 ferociam
1113 3572 1130 3603 .-

368 3623 505 3707 .Qui
531 3635 705 3704 Syrtes
739 3627 947 3703 Libycas
964 3667 979 3691 ‚
1010 3633 1102 3705 qui
1133 3632 1352 3687 Tanaim
1385 3629 1578 3694 colunt.

532 3713 654 3762 Aut
684 3708 877 3780 Tigrim
913 3710 1154 3782 rapidum
1186 3707 1366 3764 bibunt
1382 3729 1399 3761 .-
1554 3706 1567 3717 ‘

367 3783 660 3861 Partbique
676 3821 692 3845 ‚
732 3799 897 3861 atque
929 3786 1131 3842 Arabes
1153 3824 1170 3848 ,
1213 3785 1486 3862 AEtha'oper
1514 3801 1737 3862 quoque,

528 3868 602 3929 Et
638 3866 777 3921 Poe'm'
792 3859 977 3941 fiagilr‘
993 3863 1139 3939 fide:
1752 3914 1757 3919 -
1790 3926 1793 3929 Α

955 3962 958 3973 ·
1263 3941 1391 4018 Qq
1437 3959 1467 3999 2
2155 3948 2271 4004 ms
