2738 4475
507 239 667 319 208
1043 241 1566 315 Eunaeum.
1623 243 2126 319 Sarnucr

506 390 617 440 me
634 360 712 435 ad
732 386 815 434 nu
863 359 1092 443 riarum
1115 361 1460 434 deduxerat
1476 387 1807 461 pompam.
1879 372 1986 438 Ac
2005 390 2197 439 utme
2212 363 2329 439 ille
2341 371 2555 468 agnoi-

505 466 648 549 vit‚
684 484 792 535 tan
839 487 946 534 ern
963 482 1282 560 oportune
1298 459 1614 534 advenisse
1633 508 1658 545 ‚
1697 461 2012 536 laetiffima
2031 462 2239 538 fronte
2258 516 2281 549 ,
2356 469 2550 539 raedi-

510 566 608 638 xit
623 609 646 645 ‚
672 558 1066 634 subsisterem
1081 581 1330 633 tantum
1349 563 1419 633 in
1440 563 1603 634 atrio
1617 619 1641 650 ‚
1676 561 1885 637 donec
1906 563 1984 636 ad
2008 493 2428 639 Doromiliim
2447 566 2546 638 la-

491 680 656 749 'xata
676 660 942 760 negotia
961 661 1417 756 promitterent
1435 661 1630 736 viam.
1836 718 1839 719 ν

457 802 462 807 -
505 832 510 835 ,
613 757 880 833 Plurimi
911 782 1165 831 mecum
1200 759 1270 831 in
1308 761 1473 831 atrio
1489 780 1670 832 erant
1687 811 1712 845 ,
1750 764 1819 832 δι
1837 757 2262 836 Doromisum
2285 789 2430 835 cum
2463 762 2544 834 li-

505 858 758 930 bellulis
794 856 1247 954 expectabant.
1297 860 1625 957 Praecipue
1662 861 1906 953 juvenis
1941 862 2201 960 quidam
2237 862 2541 961 impiger,

505 955 555 1030 fi
574 956 728 1056 quid
750 957 1070 1049 conjicere
1089 978 1380 1054 poteram
1398 968 1478 1031 e'x
1497 959 1808 1032 vibrantia
1825 964 2150 1053 oculorum
2171 1006 2195 1044 ,
2238 984 2545 1035 caeterum

510 1053 866 1131 artificiosis
881 1056 1197 1128 cincinnis
1228 1080 1415 1152 paene
1447 1057 1527 1149 ad
1548 1060 1928 1131 muliebrem
1947 1062 2290 1133 mollitiem
2328 1058 2548 1132 excul-

509 1177 613 1227 tus
633 1202 655 1234 ‚
677 1152 739 1226 se
758 1156 1183 1252 applicaverat
1201 1156 1450 1228 homini
1468 1205 1490 1239 ,
1506 1158 1743 1254 optimi
1764 1161 1970 1230 vultus
1987 1206 2012 1243 ,
2033 1168 2101 1234 &
2116 1215 2134 1241 ‚
2163 1180 2230 1230 ut
2250 1159 2547 1244 arbitror,

483 1258 488 1261 ’
511 1252 799 1330 melioris
815 1255 1023 1326 aetatis
1038 1300 1060 1334 ,
1094 1279 1284 1352 quam
1305 1279 1679 1353 praematura
1697 1250 1967 1329 canities
1989 1258 2338 1331 simulabat.
2394 1258 2554 1330 (Ζε-

512 1375 722 1428 terum
759 1352 1041 1425 exaudiri
1071 1378 1298 1425 eorum
1328 1350 1540 1427 sermo
1557 1356 1661 1455 vix
1680 1377 1929 1453 poterat
1950 1387 1971 1429 t
2011 1357 2121 1432 sed
2143 1357 2552 1431 vehementia

515 1455 725 1525 vultus
743 1454 1048 1526 acerrime
1074 1453 1499 1552 loquebantur
1517 1502 1540 1538 ‚
1610 1455 2138 1557 dexterarumque
2152 1458 2387 1557 'argutis
2407 1482 2556 1529 mo·
2648 1518 2649 1525 ,

517 1555 685 1624 tibus
707 1607 727 1638 ‚
782 1560 851 1626 &
891 1551 1021 1624 fine
1055 1575 1189 1625 arte
1219 1553 1574 1626 excitatam
1613 1550 2017 1655 sequentibus
2059 1579 2369 1630 mentem.
2421 1556 2553 1631 Vi-

519 1653 654 1724 cini
688 1652 851 1725 mihi
882 1673 1059 1724 erant
1076 1709 1097 1738 ,
1125 1656 1201 1724 'ut
1237 1652 1366 1727 fine
1387 1650 1746 1752 suspicione
1768 1654 2076 1729 baererem
2096 1654 2554 1728 ambulantium

519 1752 746 1852 tergis.
837 1755 1225 1851 Captaturus
1259 1754 1475 1868 itaque
1517 1751 2268 1854 sermonem'utriusqum
2322 1754 2366 1826 fi
2404 1752 2558 1853 quid

389 1865 396 1871 '
505 1846 693 1925 forte
717 1850 752 1924 ὲ
775 1874 846 1925 re
863 1871 1008 1926 mea
1038 1852 1318 1924 audirem
1339 1897 1361 1931 ‚
1398 1864 1465 1922 ιη’
1480 1851 1736 1923 illorum
1757 1852 2039 1950 vestigiis
2060 1879 2233 1924 eram
2251 1900 2275 1933 ,
2313 1878 2457 1925 cum
2478 1875 2561 1923 ex

521 1951 639 2022 illo
663 1949 809 2023 sene
842 1950 1027 2023 audio
1043 1951 1284 2046 antiqui
1308 1953 1519 2046 poeta:
1540 1945 1785 2018 versum
1805 1992 1826 2026 ‚
1908 1952 1972 2017 ui
1994 1950 2153 2018 olim
2186 1948 2425 2019 diversa
2458 1944 2562 2018 fa-

521 2068 733 2120 torum
768 2048 938 2119 dona
960 2045 1277 2118 aestimans
1293 2093 1320 2128 ,
1357 2042 1489 2115 non
1505 2067 1736 2114 omnes
1798 1975 1928 2114 οᾶἲε
1943 2046 2161 2122 omnia
2191 2044 2554 2116 admonuit.

522 2144 709 2229 Quid
729 2164 796 2213 tu
816 2190 839 2224 ‚
860 2143 1066 2241 inquit
1084 2185 1109 2220 ‚
1128 2140 1398 2215 rnoestus
1419 2162 1487 2212 es
1504 2188 1529 2224 ,
1551 2071 1920 2213 adoleAEens
1942 2190 1965 2227 ,
1986 2166 2179 2241 quem
2199 2141 2556 2241 pulcherri-

516 2268 628 2316 ma
662 2240 818 2338 dote
836 2241 926 2313 dii
941 2261 1280 2323 auxerunt,
1304 2240 1371 2311 id
1390 2236 1522 2319 est,
1559 2235 1789 2340 insigni
1808 2243 2243 2339 patrimoni0‚
2284 2251 2352 2316 &
2374 2239 2555 2342 quod

513 2338 622 2413 isti
656 2338 888 2411 eruditi
921 2339 1166 2411 vellent
1198 2339 1384 2410 omni
1419 2337 1714 2411 dostrina
1741 2363 1956 2413 emere
1978 2337 2025 2411 ἴ
2044 2342 2198 2438 quid
2233 2341 2417 2414 doles
2437 2342 2561 2414 tibi

517 2438 853 2542 ingenium
890 2437 969 2510 ad
1004 2434 1367 2535 disciplinas
1404 2437 1657 2509 tardum
1693 2435 1865 2513 effe?
1893 2464 2046 2510 num
2064 2440 2218 2514 ideo
2237 2442 2448 2514 minus
2470 2437 2563 2512 fa-

520 2539 657 2614 sces
683 2534 1143 2611 -submittentur
1162 2538 1323 2620 tibi,
1357 2544 1424 2628 84
1445 2537 1836 2631 litigantium
1853 2538 2102 2615 turbae?
2126 2569 2135 2574 ·
2153 2564 2319 2612 erras
2338 2596 2359 2626 ,
2396 2540 2561 2613 mihi

526 2637 717 2715 crede
734 2686 759 2721 ‚
803 2637 849 2713 st
887 2637 1040 2737 quid
1063 2658 1246 2736 putas
1267 2634 1654 2737 ingeniosius
1668 2634 1797 2709 effe
1815 2663 1968 2712 auro
1987 2685 2009 2720 ‚
2044 2658 2150 2711 aut
2184 2636 2556 2737 sapientiam

526 2763 663 2810 non
696 2738 985 2810 venalem
1003 2786 1028 2822 ,
1068 2762 1211 2836 quae
1228 2734 1393 2835 saepe
1412 2737 1798 2809 mulierculis
1828 2738 1896 2808 in
1914 2741 2282 2837 patrimonii
2314 2762 2563 2837 partem

526 2835 728 2905 datur.
786 2839 899 2907 Tu
922 2835 1123 2907 modo
1137 2890 1159 2919 ,
1200 2858 1347 2907 cum
1373 2834 1760 2907 Doromisus
1797 2831 1861 2907 se
1892 2840 1960 2907 in
1995 2836 2407 2934 conspeRum
2447 2836 2561 2908 da-

525 2929 627 3005 bit
647 2978 669 3014 ,
705 2931 863 3005 aude
880 2931 1184 3005 accedere
1201 2932 1282 3004 ad
1298 2956 1508 3031 genua
1527 2979 1551 3015 ‚
1570 2941 1640 3008 δι
1662 2937 1744 3005 ali
1760 2947 1769 2954 “
1794 2934 1920 3005 uod
1936 2929 2356 3006 sacerdotium
2374 2958 2567 3032 pete-

525 3053 599 3108 re
614 3088 638 3119 ‚
671 3056 805 3131 quo
841 3035 1136 3117 Fortunae
1169 3039 1238 3106 δε
1277 3040 1436 3105 Prot
1517 3033 1629 3105 oni
1662 3030 1705 3105 d
1770 3032 1993 3105 ervia's.
2026 3045 2029 3048 ’
2061 3035 2207 3124 Jam
2244 3032 2421 3103 enirn
2457 3034 2564 3106 illi

527 3130 910 3230 Sacerdotes
930 3131 1058 3224 jura
1075 3132 1319 3228 populo
1330 3057 1654 3214 diviffunt,
1671 3137 1734 3204 δι
1753 3151 1821 3199 tu
1837 3125 2023 3202 facile
2038 3129 2103 3199 in
2116 3130 2186 3201 id
2205 3131 2334 3201 coll
2424 3131 2562 3206 ium

529 3232 775 3305 venies.
825 3229 1047 3305 Habes
1069 3232 1246 3312 enim
1283 3227 1642 3328 symbolum
1660 3251 1872 3300 tecum
1899 3229 2001 3300 cui
2024 3228 2221 3300 veluti
2242 3255 2380 3302 mac
2433 3234 2560 3310 inae

531 3332 702 3405 nulla
719 3327 960 3402 secreta
976 3329 1220 3402 aditum
1242 3349 1497 3430 negant.
1566 3343 1569 3348 ’
1818 3367 1823 3370 -
2248 3369 2249 3376 1
2270 3371 2273 3390 Ἀ

632 3434 815 3501 Tum
845 3453 882 3499 e
931 3455 977 3498 o
994 3430 1359 3530 diligentius
1378 3427 1661 3528 cogitare
1677 3448 1928 3500 mecum
1947 3427 2131 3524 coepi
2149 3474 2173 3509 ‚
2208 3428 2381 3527 quod
2401 3428 2561 3508 ess‘et

525 3525 845 3622 'ejusmodi
884 3455 1240 3626 symbolum
1262 3572 1285 3608 ‚
1335 3528 1441 3600 cui
1478 3526 1672 3598 veluti
1704 3521 1956 3597 fulmini
1986 3529 2208 3601 omnia
2236 3553 2560 3625 paterent,

528 3650 678 3708 cum
688 3623 1049 3727 progressus
1064 3652 1143 3700 ex
1161 3627 1383 3698 limine
1396 3622 1607 3704 servus
1628 3669 1655 3708 ‚
1675 3622 1851 3697 idem
1869 3627 1970 3698 cui
1986 3629 2200 3724 paullo
2214 3649 2364 3701 ante
2379 3654 2560 3702 com·

528 3725 984 3839 mendavgram
1006 3747 1171 3801 artes
1188 3741 1361 3804 meas
1380 3721 1408 3812 ‚'
1458 3749 1568 3801 me
1583 3771 1611 3814 ,
1662 3750 1815 3826 curn
1837 3727 2243 3834 juvenculo,
2291 3725 2363 3801 in
2396 3728 2570 3842 inte-

1905 3874 1910 3877 ·
2384 3849 2563 3904 nota
