2738 4475
457 232 608 331 '554
925 199 1435 300 Evaunum.
1485 227 2001 305 Sam-Yntct

454 350 794 434 cefferunt,
811 370 964 424 tunc
987 356 1054 423 δε
1073 351 1187 451 ipsi
1205 350 1503 425 lacess‘ere
1520 353 1828 426 inimicos
1846 357 2189 456 impunius,
2205 366 2265 434 δε
2282 363 2494 436 urrin-

456 479 585 556 que
627 453 900 552 partium
936 450 1136 523 studia
1174 453 1583 524 aemulatione
1600 455 1878 527 accendi.
1955 463 2156 533 Tunc
2188 486 2322 535 vero
2350 489 2476 536 nec

457 575 659 627 tanta:
699 550 1088 624 celebritatis
1127 549 1452 626 fortunam
1484 551 1632 625 satis
1664 574 1887 655 regunt
1907 603 1932 640 ‚
1973 584 2105 630 nec
2126 563 2188 632 in
2204 560 2491 663 vestigiis·

457 654 749 737 haerent,
788 675 902 749 per
935 676 1077 749 quae
1115 673 1304 724 antea
1322 654 1414 724 ire
1434 651 1512 725 ad
1536 653 2023 753 pulcherrimum
2050 655 2463 733 facinusvide·

454 753 706 826 bantur.
774 748 903 823 Sed
922 752 1151 843 majori
1172 751 1511 850 supercilio
1533 751 1898 856 affurgentes
1912 799 1936 836 ‚
1960 758 2166 853 ,plura
2185 763 2253 832 in
2267 761 2454 832 advet-

454 851 628 927 fariis
647 861 718 928 &
733 850 1013 923 atrocius
1035 852 1371 925 damnant.
1420 854 1573 927 Sive
1591 881 1723 954 quo
1741 852 1899 927 suum
1916 879 2164 952 nomen
2183 862 2285 932 illi
2298 859 2454 932 seRae

454 977 649 1053 quam
699 950 1075 1026 effinxerint
1127 948 1487 1026 miserrima
1508 955 1875 1034 ,ambitione
1901 954 2297 1054 relinquant3
2350 957 2465 1033 five

501 1051 630 1124 uod
661 1053 826 1123 olim
864 1051 1177 1152 agitatum
1214 1072 1412 1126 tantae
1448 1050 1838 1127 defeffionis
1872 1053 2173 1126 confilium
2190 1057 2313 1128 nili
2330 1058 2470 1128 Ien-

448 1080 564 1230 3'm
585 1150 859 1250 prodere
876 1175 1013 1223 non
1034 1148 1172 1223 sunt
1189 1150 1332 1224 auli:
1358 1154 1473 1224 vel
1487 1153 1772 1255 denique
1790 1155 1938 1227 odio
1949 1155 2007 1224 in
2023 1156 2157 1224 illos
2174 1156 2446 1241 incitati,

451 1252 562 1353 qui
585 1251 794 1350 prima
814 1307 835 1335 ‚
877 1259 947 1324 &
967 1250 1173 1323 adhuc
1189 1248 1407 1323 sanda
1425 1252 1692 1327 illorum
1707 1253 1964 1327 consilia
1981 1301 2000 1335 ,
2045 1255 2215 1326 nimis
2235 1257 2361 1326 acri
2379 1262 2452 1327 δε

447 1349 916 1450 intempestivo
933 1351 1288 1423 certamine
1305 1375 1723 1453 exceperunt.
1780 1361 1887 1426 Ita
1905 1355 2111 1427 multos
2128 1354 2236 1455 piis
2252 1353 2453 1425 initiis

448 1452 520 1529 in
536 1450 704 1523 hanc
720 1447 1112 1523 emendandi
1126 1452 1529 1548 provinciam
1549 1453 1868 1555 ingress'os
1891 1501 1913 1536 ‚
1933 1455 2140 1529 deinde
2161 1452 2444 1551 superbia,

439 1555 544 1648 yel
564 1549 993 1625 aemulationis
1020 1551 1333 1624 acerbitas
1354 1552 1668 1649 prodidit.
2448 1583 2453 1593 ·

550 1659 713 1726 Sunt
747 1649 1027 1750 denique
1058 1651 1288 1748 quibus
1326 1675 1473 1726 vera
1503 1648 1817 1752 fortisque
1861 1649 2165 1753 sapientia
2200 1673 2466 1725 mentem
2508 1703 2509 1706 =

451 1751 632 1827 dedit
650 1775 726 1823 ea
745 1751 901 1825 vitia
919 1748 1273 1824 inseetandi
1293 1798 1316 1830 ‚
1348 1777 1491 1851 quae
1525 1751 1746 1825 nescio
1777 1779 1971 1853 quam
1990 1753 2137 1851 ipsis
2157 1753 2471 1852 religionis

453 1853 748 1926 umbram
764 1848 1008 1924 faciunt
1028 1903 1051 1939 ,
1072 1853 1171 1925 cul
1182 1877 1259 1950 pa
1280 1851 1665 1949 Mystarum.
1735 1854 1825 1925 Iis
1844 1874 1976 1924 tam
1994 1852 2162 1923 casto
2179 1855 2416 1949 impetu
2433 1851 2472 1924 a

450 1951 771 2026 modestia
789 1976 924 2025 non
943 1950 1378 2024 aberrantibus
1394 1999 1420 2037 ,
1454 1949 1734 2024 sublimis
1771 1947 2074 2049 fortisque
2086 1950 2340 2022 indoles
2356 1947 2476 2024 effe

451 2052 649 2124 debet
663 2098 687 2132 ‚
733 2059 805 2125 &
825 2101 851 2138 ,
894 2053 1068 2150 quod
1092 2077 1298 2125 rarum
1318 2051 1442 2132 est,
1458 2050 1612 2123 nibil
1631 2074 1752 2147 pro
1769 2047 1865 2133 se,
1920 2046 2031 2119 sed
2058 2074 2183 2146 pro
2195 2049 2472 2143 publicis

448 2150 819 2223 commodis
838 2151 1127 2223 laborare
1148 2176 1168 2232 3
1208 2150 1658 2232 contumeliis,
1677 2146 2053 2225 inimicitiis,
2073 2145 2469 2231 tutudistis,

347 2302 352 2305 ψ
446 2251 655 2323 necin
676 2249 826 2323 odia
847 2252 1014 2349 rapi,
1039 2276 1156 2324 nec
1180 2249 1217 2323 a
1235 2253 1464 2352 coeptis
1480 2248 1797 2322 abstinere.
1849 2244 2176 2317 Eximium
2200 2243 2458 2341 prorsus

445 2374 704 2433 munuS,
725 2348 1061 2451 arduaeque
1078 2352 1352 2425 virtutis.
1386 2355 1553 2426 Raro
1568 2347 1734 2420 enim
1754 2344 1857 2446 qui
1877 2343 1952 2415 ab
1975 2346 2053 2416 iis
2078 2340 2163 2415 stc
2181 2367 2456 2442 carpun-

446 2470 549 2523 tur
570 2448 779 2526 deesse
798 2445 917 2523 suis
940 2452 1113 2525 vitiis
1129 2453 1344 2525 videas
1373 2499 1394 2536 ‚
1431 2471 1533 2523 aut
1567 2471 1743 2548 aequo
1760 2446 1967 2519 animo
1982 2446 2112 2544 pati
2131 2437 2446 2515 censores·

319 2626 335 2637 ,
447 2552 580 2631 Sed
600 2550 864 2654 flagitiis
884 2548 1100 2627 fucum
1119 2554 1456 2625 inveniunt
1478 2600 1501 2638 ,
1521 2551 1651 2629 vel,
1668 2546 1837 2646 quod
1854 2548 2029 2644 pejus
2042 2542 2138 2617 est
2151 2589 2175 2625 ‚
2201 2567 2274 2615 ea
2289 2568 2450 2646 quo-

446 2677 574 2751 que
594 2656 971 2749 importuno
992 2652 1352 2751 patrocinio
1369 2652 1535 2724 tueri
1555 2674 1683 2722 non
1703 2647 1987 2721 dubitant
2006 2677 2032 2734 ·‚
2048 2664 2466 2746 certanturque

443 2749 567 2821 h'os
585 2751 756 2845 ipsos
778 2754 1132 2821 monitores
1153 2798 1175 2831 ‚
1215 2752 1371 2823 licet
1392 2752 1561 2823 iutra
1579 2746 1726 2843 justi
1750 2746 1948 2821 officii
1969 2750 2268 2848 pietatem
2288 2770 2464 2817 com·

440 2847 683 2945 politos
706 2892 730 2927 ‚
755 2847 920 2946 apud
941 2851 1249 2948 populum
1270 2852 1631 2950 perpetrati
1646 2847 1955 2949 sacrilegii
1973 2846 2266 2948 opinione
2283 2866 2458 2917 ever-

440 2967 605 3020 tere.
793 3006 796 3009 ,

546 3049 877 3122 Caeterum
894 3068 962 3120 ut
980 3044 1374 3122 nascentium
1395 3047 1830 3148 Religionum
1848 3047 2031 3127 ritus,
2064 3041 2299 3115 suorum
2319 3042 2458 3111 Au-

442 3148 701 3223 storum
718 3147 1017 3224 industria
1038 3157 1106 3222 δε
1126 3151 1326 3250 genio
1343 3152 1672 3222 nituntur:
1713 3150 1802 3219 ita
1823 3145 2157 3248 postquam
2174 3144 2215 3215 ὶ
2229 3142 2469 3242 populo

440 3250 727 3346 probata:
748 3248 888 3323 sunt
910 3299 931 3331 ,
954 3247 1298 3324 Praefeftos
1323 3246 1466 3320 suos
1484 3248 1751 3329 habent,
1772 3271 1889 3345 per
1909 3274 2075 3349 quos
2092 3246 2214 3317 rite
2227 3239 2475 3340 dispeu-

438 3342 689 3422 sentut:
746 3354 896 3423 Hos
936 3353 1072 3424 aliae
1115 3352 1383 3448 aliaeque
1424 3370 1653 3447 gentes
1674 3346 1947 3420 diversis
1967 3344 2335 3421 nominibus
2349 3339 2486 3414 infi-

491 3448 713 3520 niunt:
772 3473 892 3519 nos
934 3448 1288 3523 Pontifices
1311 3498 1330 3530 ,
1381 3443 1805 3545 Praesulesque
1848 3455 1925 3519 &
1970 3446 2232 3523 caeteris
2260 3446 2330 3516 in
2359 3465 2493 3514 eum

438 3473 687 3617 {nsum
723 3548 1048 3621 vocabulis
1087 3552 1509 3647 appellamus.
1593 3546 2074 3620 servandarum
2122 3545 2500 3647 religionum

436 3666 577 3717 non
596 3644 750 3714 alius
771 3649 986 3719 utilior
1003 3649 1121 3721 illo
1139 3649 1456 3747 regimine
1475 3645 1737 3723 modust
1793 3645 1903 3742 qui
1947 3649 2165 3717 etiam
2203 3647 2243 3716 a
2266 3640 2507 3717 coelesti

435 3741 812 3846 praescripto
829 3745 945 3819 est.
966 3749 1067 3821 Ex
1085 3748 1164 3821 iis
1184 3747 1293 3848 qui
1314 3747 1580 3831 eruditae
1605 3751 1672 3820 δι
1694 3741 2040 3843 laboriosae
2059 3746 2330 3823 virtutis
2348 3741 2507 3910 squ?

1748 3882 1757 3887 ›
2262 3862 2267 3866 ·
2312 3866 2451 3944 reip
2475 3864 2508 3912 a
