2738 4475
876 196 1366 268 ΡΑ-ιιεε
1486 194 1746 266 1v.·
2132 191 2266 289 37}

189 314 485 396 ferorum
524 340 831 421 penatum
891 319 1195 421 angustiis
1227 319 1661 393 turbulentam
1689 313 2070 394 industriam
2088 341 2268 392 exer-

192 448 360 495 cens
377 472 399 504 ‚
417 444 486 494 ut
505 425 611 497 vel
624 421 888 521 ‘publica
908 422 1221 494 violentia
1239 469 1263 504 ,
1285 422 1386 492 vel
1406 420 1649 490 arcanis
1669 414 2012 489 sceleribus
2036 417 2269 517 inopiae

193 520 567 621 squalorem
583 523 872 620 repellat.
930 524 1296 595 Mercatura
1333 520 1470 591 illic
1504 518 1693 590 vilior
1710 542 1900 618 quam
1923 538 2121 588 tantae
2138 521 2265 590 uti-

195 623 415 692 litatis
451 645 591 695 rem
625 619 748 693 effe
762 619 1058 706 deceret,
1114 629 1183 694 δι
1219 643 1361 718 quae
1398 618 1604 717 prima
1641 617 2110 690 humanitatem
2145 642 2268 716 >per

199 720 442 793 orbem
462 720 906 792 circumduxit.
973 721 1177 794 Solon
1191 720 1455 818 quidem
1471 718 1582 816 qui
1605 717 1883 789 Athenis
1898 719 2078 817 leges
2101 743 2265 789 con-

180 815 385 890 ‘didit
408 866 432 900 ,
472 827 538 892 &
581 821 864 920 plerique
903 822 1286 902 Graecorum
1306 863 1331 899 ‚
1384 814 1578 917 usque
1598 817 1675 888 ad
1695 842 1814 888 nos
1837 813 2008 888 fama
2027 816 2263 889 duran-

209 920 389 990 tium
409 965 432 1001 ‚
463 921 578 990 illo
606 922 1007 992 commercio
1041 917 1173 989 suas
1193 942 1291 988 res
1309 918 1591 989 tulerunt
1623 916 1700 987 ad
1715 939 1970 988 exteros
1992 964 2015 999 ‚
2067 915 2261 990 vicis«-

206 1015 463 1116 fimque
481 1015 768 1091 fecerunt
784 1042 854 1090 ut
875 1020 1126 1091 exotica
1147 1015 1236 1088 sui
1255 1018 1428 1088 cives
1451 1016 1768 1088 viderent.
1842 1021 1995 1090 Nec
2030 1014 2260 1089 abhor-

200 1139 311 1187 ret
338 1119 415 1188 ab
435 1117 560 1189 hoc
582 1143 766 1190 more
789 1121 973 1191 ltalia
994 1165 1017 1198 ‚
1073 1119 1137 1191 in
1173 1116 1514 1188 illustribus
1547 1111 1809 1187 familiis
1837 1142 1996 1215 opes
2029 1117 2256 1192 eadem

194 1216 653 1289 industrialate
673 1243 1098 1317 componens.
1150 1216 1480 1289 Britannia
1513 1239 1768 1314 quoque
1794 1213 2109 1315 sanguinis
2130 1219 2264 1288 cla-

180 1318 467 1389 ritatem
498 1318 617 1388 illo
655 1319 805 1392 vitae
836 1343 1074 1417 genere
1111 1313 1347 1388 soedari
1379 1337 1513 1384 non
1550 1335 1752 1412 putat.
1820 1318 1999 1389 Atin
2017 1317 2264 1390 Galliis

195 1411 379 1486 hanc
412 1437 650 1488 mutuae
696 1417 991 1485 utilitatis
1023 1418 1340 1485 rationem
1377 1436 1507 1482 non
1525 1413 1724 1488 modo
1742 1411 1965 1515 stirpes
1985 1417 2265 1513 antiquat

192 1510 628 1609 aspernantur
647 1541 671 1598 ;
724 1511 834 1582 sed
855 1522 918 1586 δι
942 1510 1111 1610 quasi
1129 1532 1514 1583 mercatores
1534 1508 1620 1583 sui
1640 1514 1903 1612 puderet
1925 1565 1948 1601 ‚
1995 1514 2104 1587 ubi
2133 1516 2264 1586 illis

196 1611 457 1708 largius
497 1606 748 1680 fortuna
783 1609 1076 1693 indulsit,
1128 1608 1341 1682 statim
1377 1609 1446 1681 in
1466 1612 1654 1682 aliam
1674 1610 2074 1710 disciplinam
2092 1611 2267 1686 filios

201 1705 363 1779 suos
400 1729 639 1808 agunt,
691 1707 1038 1810 jubentque
1070 1711 1383 1805 majorem
1424 1731 1697 1809 paterno
1733 1708 1993 1812 fastigio
2009 1709 2264 1786 scenam

197 1805 485 1907 sperare.
854 1901 857 1910 Ι

306 1909 405 1979 Et
435 1904 702 2005 quidem
731 1905 1251 2006 magnitudinem
1268 1906 1680 1981 Gallicorum
1696 1910 2057 1983 animorum
2075 1910 2271 1982 nulli-

195 2004 272 2076 bi
291 2005 613 2078 efficacius
636 2004 893 2086 videas,
936 2030 1129 2103 quam
1148 2007 1219 2076 in
1234 2005 1477 2077 ambitu
1498 2010 1994 2107 Magistratuum
2015 2052 2038 2090 2
2074 2010 2110 2080 a
2128 2011 2267 2108 qui-

198 2103 323 2176 bus
358 2107 649 2202 pervicax
689 2106 965 2177 licitatio
997 2107 1128 2197 jam
1166 2105 1276 2176 diu
1311 2107 1644 2204 egentium
1683 2110 1950 2181 virtutes
1971 2110 2260 2182 exclusit.

201 2203 554 2277 Exhaurire
574 2201 846 2279 familias
867 2252 888 2286 ‚
930 2206 1198 2277 nomina
1220 2198 1429 2277 facere
1444 2252 1469 2287 ‚
1521 2230 1659 2279 rem
1679 2205 2007 2309 fidemque
2025 2205 2256 2281 consu-

201 2329 414 2390 mere,
437 2305 741 2399 decorum
764 2338 789 2399 3
825 2305 978 2378 dum
999 2305 1168 2376 inter
1191 2307 1462 2404 aequales
1480 2307 1762 2380 emineas
1783 2304 1894 2381 vel*
1924 2308 2122 2382 sterili
2157 2310 2258 2380 di·

209 2405 462 2503 gnitate
486 2448 510 2486 ,
564 2405 668 2477 vel
706 2405 925 2501 precio
962 2399 1337 2478 furtivorum
1373 2429 1708 2478 munerum
1742 2410 2114 2507 patrimonii
2130 2409 2262 2478 rui-

256 2601 410 2653 Aetia
423 2631 441 2655 ,
476 2599 679 2651 nobilitas
688 2602 784 2666 sola
807 2601 870 2651 ef}
883 2632 906 2661 ,
941 2615 1067 2670 atque
1084 2604 1215 2663 nnita
1260 2607 1400 2654 clarus
1412 2635 1433 2663 ‚
1445 2601 1721 2669 Wesnbb'mr'e
1736 2637 1754 2663 ,
1772 2602 1850 2654 {Be
1860 2601 2013 2653 nahah
2028 2637 2046 2662 ,
2073 2529 2261 2655 ἰΙῗεῗιξῗε

396 2670 554 2719 virtu.
1260 2676 1472 2743 integram
1482 2673 1742 2723 nobilitatem
1755 2675 1885 2738 suem
1910 2687 2028 2741 pum
2041 2708 2057 2733 ,
2073 2673 2119 2737 fi
2129 2672 2262 2721 dedi-

221 2737 285 2785 Et
1256 2745 1582 2811 gnetursmr're
1592 2743 1737 2801 vitiis,
1744 2750 1808 2799 <y
1821 2741 1874 2791 ab
1884 2743 1949 2792 eis
1959 2744 2263 2811 nansiaperaeri·

307 2802 379 2853 κὴ
399 2806 519 2863 enim
533 2806 781 2875 generos-an
790 2802 1092 2866 dixeriebunc,
1109 2809 1182 2875 qni
1266 2810 1531 2862 Laudabilis
1559 2827 1680 2865 vena
1707 2810 1833 2863 suam
1845 2809 1991 2865 servat
2003 2813 2261 2881 originem,

245 2878 277 2924 1
344 2876 355 2885 '
459 2893 645 2944 genere,
660 2878 936 2945 &puttam
947 2879 1113 2927 nomine
1121 2891 1217 2926 un·
1264 2879 1418 2947 inquit
1431 2876 1634 2931 eaffian.
1671 2886 1728 2931 Et
1743 2883 1927 2933 Plautus
1945 2880 1994 2930 in
2011 2886 2159 2932 Mete.

146 3000 153 3007 ‚
384 2957 477 2992 tm
1301 2948 1521 2999 Pulchrius
1538 2952 1601 3000 ei?
1615 2951 1789 3000 nobilem
1803 2954 1967 3000 virente
1973 2948 2081 3009 fieri
2095 2980 2115 3008 ‚
2129 2965 2258 3015 qum

223 3079 484 3130 Concludit
1268 3088 1380 3137 Sunt
1394 3093 1569 3145 autem,
1584 3086 1736 3154 inquit
1753 3088 1886 3153 Diog-
1901 3084 2117 3139 tafnim,
2134 3082 2263 3131 vela-

256 3149 463 3209 Mfinm·
479 3150 539 3198 eil
549 3150 966 3200 «Inminet-»hm
978 3151 1130 3213 sm.
1266 3154 1395 3202 mina
1414 3156 1603 3203 malitia:
1620 3153 1868 3204 nobilitas.
1904 3149 2047 3202 unde
2073 3146 2262 3214 Moyseo

224 3214 337 3264 Sola
362 3216 485 3281 apud
518 3222 668 3267 Deum
695 3216 883 3268 libertas
913 3218 976 3268 est
1001 3235 1104 3269 non
1118 3215 1210 3268 ser-
1265 3222 1397 3286 eligit
1443 3221 1669 3270 humilem
1697 3236 1802 3269 cum
1830 3215 2051 3267 fratribus
2080 3217 2261 3275 vitam,

218 3280 320 3331 vire
335 3286 532 3350 pcccatis
549 3303 564 3334 t
599 3284 775 3336 summa
800 3288 920 3353 apud
952 3292 1106 3338 Deum
1122 3302 1210 3336 no·
1264 3303 1406 3356 quam
1447 3290 1556 3338 aul:
1585 3288 1764 3337 deliciis
1792 3288 1845 3335 δι
1869 3284 2123 3338 honoribus
2150 3285 2262 3339 frui.

218 3346 382 3400 bilitas
396 3349 463 3401 est
478 3350 1032 3413 clarumefl‘evirtutibu23
1061 3357 1214 3421 inquit
1266 3357 1536 3411 concludo,

214 3420 420 3469 Hieron.
436 3420 674 3471 adeelan.
712 3420 787 3472 1².st
812 3425 941 3475 enirn
969 3420 1219 3481 nobilitas,
1299 3425 1517 3474 Nobilibus
1535 3423 1751 3492 pulchrum
1762 3422 1825 3472 ef}
1835 3436 1970 3472 orma
1980 3421 2061 3489 effi·
2071 3427 2263 3492 parenti-

216 3486 331 3538 teste
350 3486 489 3540 Arist.
503 3507 555 3553 4.
571 3491 746 3541 Politic.
765 3493 911 3542 virtus
928 3525 944 3548 ,
976 3493 1026 3540 δι
1041 3491 1214 3541 diviti:
1440 3494 1516 3541 bns
1531 3513 1548 3542 .-
1579 3507 1625 3541 αι
1639 3510 1721 3540 mn

216 3558 420 3624 *ΜΨ
445 3578 460 3616 3
506 3575 616 3611 nam
656 3560 915 3610 attenditur
965 3557 1215 3609 secundum
1345 3562 1546 3630 Tur-pibus
1561 3556 2025 3622 hossaHisdeder-orm
2037 3559 2162 3610 deret.

208 3626 436 3676 virtutem
463 3630 644 3694 generis
671 3626 900 3678 nobilitas
916 3663 933 3685 ‚
980 3629 1048 3677 ait
1091 3626 1217 3676 idem
1306 3630 1522 3681 Nobilitas
1546 3626 1662 3678 nulla
1685 3629 1747 3676 eft
1771 3627 1854 3691 nist
1879 3628 2268 3692 qumdedieum‘ca

210 3707 256 3743 2.
276 3694 418 3744 Rhet-
437 3698 489 3747 &
504 3694 740 3748 nobile-est
788 3697 883 3745 uod
897 3711 951 3745 ex
964 3694 1096 3744 bono
1111 3708 1219 3758 pro·
1446 3701 1609 3755 virtus,

207 3760 297 3818 diit
329 3780 521 3835 genere.
570 3765 702 3820 Audi
728 3769 775 3814 C
812 3759 1112 3833 rysologum:
1139 3760 1218 3816 Ille
1344 3764 1582 3836 Effiergofi
1597 3763 1664 3813 vis
1678 3763 1856 3819 nobilis,
1874 3762 1947 3830 rsto
1959 3761 2096 3814 lom.
2165 3834 2198 3865 o

1629 3840 1673 3884 Δ
1690 3845 1715 3883 2
1751 3847 1778 3885 2
2092 3846 2116 3883 1
2155 3838 2272 3903 <⁴
