2738 4475
401 251 584 328 '218
894 253 1965 327 Eupnonmfsurmm

517 372 672 451 Nifi
692 373 845 474 quid
862 375 929 447 in
951 387 1017 447 te
1031 372 1350 459 est‚etiam
1372 370 1731 471 superstites
1748 373 2199 458 exscindimur,
2211 376 2306 444 ¹&
2325 400 2485 452 cum

431 476 696 552 AEmilio
730 479 902 546 inter
932 474 1062 547 duo
1098 475 1382 561 filiorum
1404 469 1616 546 funera
1634 475 2128 573 triumphamus.
2175 477 2336 547 Non
2358 502 2478 549 ve-

427 577 583 648 teris
623 573 756 657 ludi
794 598 1084 656 memor,
1125 577 1227 648 vel
1256 570 2298 670 intempestivalibidineaccensa,
2332 601 2468 674 quo

336 675 351 688 ⁶
427 674 533 757 die
572 676 639 746 in
675 674 799 744 hoc
823 674 1123 746 tribunali
1157 678 1510 744 collocatus
1532 700 1600 746 es
1626 726 1648 760 ‚
1684 680 1840 774 petii
1862 680 2164 748 utliceret
2186 678 2470 774 antiqua-

423 798 565 846 rum
603 776 893 846 nofflum
933 772 1460 856 consuetudinem
1496 776 1680 846 inire.
1736 780 1996 870 necjarn
2018 778 2256 874 aliquid
2276 802 2468 874 roge,

425 872 539 946 nili
583 872 749 946 hunc
785 874 1069 946 laborem
1117 876 1151 944 ὲ
1191 896 1257 944 te
1279 870 2102 974 familialabensimploret.
2164 870 2474 948 sifrustra

425 994 689 1044 conatus
725 976 847 1044 eris
867 1024 889 1058 ,
931 996 993 1046 at
1013 976 1251 1062 majore
1275 972 1500 1044 solatio
1526 978 1908 1062 moriemur,
1930 1002 2058 1046 non
2078 978 2332 1074 ignavia
2356 1002 2478 1046 no·-

421 1074 545 1146 stra
565 1072 667 1144 sed
691 1070 963 1146 fatorum
987 1074 1361 1146 crudelitate
1379 1074 1540 1144 orbi.

517 1176 655 1244 Hic
681 1173 1085 1272 Geragathus
1109 1198 1373 1244 maerore
1391 1174 1736 1270 impeditus
1758 1222 1776 1254 ,
1800 1174 2134 1274 postquam
2156 1174 2258 1244 diu
2282 1170 2470 1270 suspi-
2566 1254 2579 1262 ¹

425 1273 585 1344 ravit
605 1330 625 1356 ‚
665 1274 837 1368 quod
873 1274 949 1342 ad
971 1298 1041 1342 ea
1063 1298 1201 1368 quae
1229 1298 1386 1342 uxor
1409 1272 1738 1370 rogavisset
1760 1322 1780 1352 ‚
1826 1298 2067 1346 mature
2094 1276 2474 1344 deliberatu-

421 1396 561 1444 rum
579 1366 793 1442 refert.
841 1372 1135 1445 Consilio
1155 1398 1347 1470 quam
1367 1370 1734 1444 strenuitate
1754 1376 1974 1444 omnia
1996 1374 2290 1446 salubrius
2312 1374 2474 1472 geri.

423 1474 753 1542 Caeterum
793 1470 875 1542 de
911 1472 1125 1542 liberis
1163 1474 1456 1544 dolorem
1492 1496 1738 1544 tanturn
1776 1470 1898 1544 effe
1928 1522 1948 1552 ,
1988 1500 2294 1572 quantum
2332 1474 2466 1544 haec

421 1574 553 1646 vita
595 1580 657 1644 δι
683 1566 827 1640 feffa
845 1572 1161 1642 laboribus
1185 1570 1472 1644 senectus
1492 1600 1656 1672 aegre
1676 1570 1938 1646 ferrent.
1996 1580 2158 1646 Mox
2180 1578 2466 1672 ingerere

356 1763 365 1767 ἱ
423 1670 655 1769 probra
693 1674 903 1768 coepit
927 1720 951 1756 ,
985 1680 1049 1744 δι
1093 1680 1492 1744 Leucomum
1520 1676 1700 1742 omni
1722 1676 2054 1744 verborum
2082 1674 2472 1744 contumelia

423 1774 743 1862 laterai-eg,
789 1774 967 1844 illurn
993 1774 1113 1846 effe
1131 1820 1149 1852 ‚
1191 1776 1299 1870 qui
1319 1770 1692 1842 inconsultis
1714 1774 1930 1840 studiis
1952 1774 2324 1844 distraheret
2346 1776 2472 1844 im-

429 1872 837 1968 prudentiam
857 1872 1327 1943 adolescentum
1349 1918 1369 1948 ‚
1411 1880 1474 1942 &
1496 1872 1784 1938 inanibus
1809 1868 2354 1962 superstitionibus
2372 1876 2476 1962 ju·-

423 1974 707 2044 venturis
727 1974 1037 2066 impetum
1063 1968 1460 2038 consumeret
1484 1996 1502 2048 3
1526 1970 1718 2032 toties
1744 1970 1966 2034 caelum
1992 1974 2052 2034 ἃ
2082 1970 2342 2034 numina
2366 1972 2468 2036 in-

421 2068 761 2142 clamando
795 2068 1067 2138 effecisse
1091 2114 1111 2146 ,
1153 2086 1217 2132 ut
1253 2088 1371 2132 nec
1408 2062 1574 2128 filius
1596 2064 1820 2130 caelum
1846 2082 2094 2130 teneret
2118 2108 2140 2140 ,
2182 2070 2242 2130 ἃ
2268 2068 2458 2130 amit-

419 2188 585 2238 teret
623 2188 877 2234 terram.
935 2164 1125 2234 Adeo
1159 2158 1864 2228 san&oru111110111inutn
1890 2160 2334 2230 conditionem
2362 2164 2460 2230 in-

417 2262 609 2337 famia
641 2258 1007 2337 inundavit,
1045 2268 1111 2331 ὅ(
1153 2284 1492 2355 paucorum
1516 2259 1740 2327 vitium
1764 2307 1782 2339 ‚
1824 2258 2066 2329 liberali
2090 2258 2462 2331 adolescen-

415 2383 551 2433 tum
587 2359 857 2457 ingenio
891 2359 1323 2439 abutentium,
1381 2361 1576 2429 etiam
1610 2361 2034 2429 innocentem
2076 2361 2462 2431 modestiam

415 2455 797 2559 proscripsit.

515 2559 897 2659 Supervenit
933 2559 1191 2631 interim
1225 2557 1610 2631 declamanti
1631 2561 1792 2655 patri
1818 2557 1980 2629 filius
2004 2611 2026 2643 ‚
2066 2559 2174 2629 ille
2196 2557 2462 2645 scilicet,

419 2661 595 2753 cujus
617 2679 905 2731 mentem
923 2659 1013 2729 ita
1033 2659 1123 2729 dii
1141 2681 1532 2731 ornaverunt
1552 2707 1574 2739 ,
1618 2683 1682 2729 ut
1708 2659 1880 2731 suum
1902 2661 1968 2729 in
1988 2658 2212 2729 fratres
2236 2685 2462 2757 pecca-

415 2785 553 2831 tum
587 2757 903 2829 excusent.
961 2757 1331 2857 obortisque
1364 2785 1548 2855 paene
1570 2759 1910 2857 lachrymis
1934 2761 2400 2855 coepitamoliri
2422 2761 2460 2831 ὲ

419 2867 759 2933 Leucomo
797 2879 931 2927 tam
965 2859 1175 2955 inepti
1197 2855 1494 2929 facinofis
1518 2859 1850 2929 invidiam.
1874 2863 2070 2953 ²illum
2090 2861 2260 2927 enim
2284 2859 2458 2927 abiis

421 2959 703 3031 moribus
725 2955 1063 3027 abhorrere
1089 3007 1111 3041 ,
1143 2983 1261 3029 nec
1285 2955 1508 3031 fucatae
1530 2981 1634 3029 aut
1654 2963 1916 3029 crudelis
1938 2959 2188 3055 pietatis
2208 2959 2460 3049 juveni-

419 3061 533 3138 bus
557 3057 679 3129 esse
697 3058 1045 3129 auctorem.

523 3165 687 3231 Haec
711 3153 843 3256 ipse
865 3159 1107 3247 juvenis
1125 3155 1201 3225 ad
1223 3163 1626 3229 Leucomum
1650 3159 2010 3251 incorrupta
2034 3155 2162 3225 fide
2184 3179 2328 3225 cum
2352 3157 2464 3227 de-

417 3259 695 3341 tuliffet,
729 3259 1005 3347 adjecit,
1047 3283 1177 3327 non
1221 3259 1582 3355 mitigatum
1620 3256 1816 3327 modo
1848 3255 2060 3325 senem
2084 3251 2298 3339 fuisse,
2354 3255 2462 3327 scd

419 3361 725 3429 vincente
761 3357 1149 3426 iracundiam
1175 3355 1301 3427 fide
1321 3407 1341 3439 ,
1385 3357 1423 3425 li
1452 3357 1596 3455 qnid
1624 3359 1686 3423 in
1708 3381 1786 3423 co
1806 3353 1958 3423 esset
1980 3413 1996 3437 ‚
2046 3357 2294 3451 prolixe
2316 3361 2462 3455 pol-

417 3459 705 3539 licitum,
761 3453 823 3525 se
863 3457 1456 3529 reconciliationem
1492 3451 1808 3527 beneficio
1844 3453 2266 3527 firmaturum.
2334 3457 2462 3527 Ille

2302 3581 2454 3629 vero

489 3727 513 3761 1
551 3717 603 3761 Et
631 3729 725 3759 cnm
765 3713 965 3761 ‹AEms'ls'o
991 3715 1105 3763 inter
1131 3711 1399 3771 duofils‘orum
1472 3705 1580 3757 esser
1598 3743 1610 3766 ‚
1630 3707 1686 3759 de
1700 3707 1974 3769 Veientibus
1992 3707 2068 3773 qui
2088 3713 2332 3757 Romanos
2346 3719 2456 3755 anre

402 3779 927 3847 snmraetrimphamm]
949 3781 1169 3849 Qisiste
1185 3783 1399 3831 ffirnilius
1472 3779 1722 3835 fuderant,
1766 3779 1958 3829 tandem
1990 3779 2305 3845 triumphavit.
2342 3774 2454 3823 vide

419 3849 501 3901 nis:
533 3855 795 3903 Mamercus
823 3849 973 3901 diuus
991 3851 1285 3919 quidistator.
1299 3867 1403 3901 curn
1472 3851 1658 3901 Livium
1678 3849 1806 3909 ,δια
2325 3923 2350 3961 ¹
2388 3911 2455 3961 n
