2738 4475
494 265 638 346 228
1006 266 1530 367 Euneonu.
1581 270 2101 341 SATYntct

485 384 662 486 quod
689 384 767 458 -in
808 385 1239 457 Icoleontidas
1278 388 1654 486 gerebatur,
1693 392 1758 458 δι
1784 383 2206 459 Charridotus
2228 384 2546 457 confilio-

479 512 769 584 eumprae
781 482 895 554 ses,
953 490 1049 556 Ex
1073 490 1614 559 Icoleontidatum
1636 510 1812 584 parte
1829 544 1850 570 ‚
1874 488 2182 556 Necatius
2200 510 2330 556 erat
2350 512 2540 556 exer·-

489 580 731 680 cituum
773 580 1103 680 praeferebas
1129 636 1149 668 ‚
1191 596 1255 658 δε
1295 588 1538 686 aliquot
1580 588 1756 658 vultu
1802 612 2116 684 purpureo
2138 612 2204 654 ac
2226 586 2535 654 membris

487 682 843 758 valentibus
865 732 885 764 ,
925 688 1033 778 qui
1079 684 1314 780 publici
1361 684 1606 756 consilii
1644 692 1852 780 partes
1888 684 2178 784 agebant.
2249 686 2542 756 Extremi

489 808 705 864 erant,
749 780 1277 854 Theffarana&us
1319 782 1878 856 Scolimorrbodiae
1904 788 2152 856 Rebior
2176 832 2198 868 ,
2232 792 2292 854 ὃ(
2319 786 2550 854 Prota·-

489 908 621 982 gon
641 932 661 962 ,
703 882 811 978 qui
836 878 1087 952 scenam
1111 876 1217 954 suo
1237 886 1591 954 commodo
1610 884 2000 954 claudebant.
2040 886 2372 954 Caeterum
2398 910 2548 952 om-

493 1006 606 1052 nes
635 978 953 1078 personati
975 980 1245 1078 agebant
1269 1028 1289 1062 ‚
1325 1006 1441 1052 nec
1465 986 1806 1080 quicquam
1826 982 1952 1056 vidi
1974 1006 2262 1080 apertum
2284 986 2350 1052 iu
2372 990 2546 1054 Tra-

485 1078 1007 1180 gico-comoedia
1027 1082 1221 1176 pacis·

599 1176 749 1252 Post
799 1178 931 1248 haec
955 1176 1452 1274 spectaculorum
1473 1178 1728 1248 exordia
1752 1230 1772 1264 ‚
1814 1182 2084 1276 primum
2111 1204 2294 1278 agere
2316 1204 2542 1276 coepe-

495 1302 643 1371 runt
665 1276 923 1374 Lysippi
947 1302 1185 1350 maneS.
1239 1278 1540 1348 prodibat
1564 1280 1670 1348 ille
1694 1284 1998 1378 exanguis
2024 1332 2042 1362 ,
2070 1278 2308 1378 pallido
2328 1280 2550 1352 studiis

497 1376 913 1460 vultu,albam
939 1374 1173 1446 vestem
1199 1380 1453 1474 corpori
1473 1380 1978 1450 circumvolvens
2000 1384 2064 1448 in
2086 1406 2226 1450 eum
2250 1382 2544 1458 modum,

499 1502 697 1578 quem
739 1476 1013 1572 antiquis
1057 1478 1375 1548 Romanis
1413 1476 1818 1576 asscripserat.
1891 1478 2212 1552 Narrabat
2236 1526 2256 1562 ‚
2292 1478 2546 1572 postea-

503 1602 699 1676 quam
721 1574 985 1646 decessit
1006 1624 1029 1658 ,
1047 1572 1105 1647 se
1123 1580 1187 1644 in
1209 1574 1453 1648 suffulta
1477 1576 1646 1650 veste
1666 1578 1740 1648 ad
1764 1572 1980 1676 sydera
1996 1584 2232 1650 elatum
2254 1636 2272 1662 ‚
2296 1578 2380 1646 ibi
2400 1578 2548 1648 nul-

501 1672 643 1748 lum
667 1700 745 1746 ex
769 1674 1149 1746 Melandriis
1171 1676 1492 1776 agnovisse
1510 1678 1736 1772 quibus
1760 1678 2338 1750 assueverat-vivens
2360 1706 2378 1748 :
2402 1702 2562 1748 exo-

501 1778 665 1848 rrass'e
689 1778 901 1874 itaque
927 1778 1163 1846 cot-lum
1184 1800 1293 1856 „ut
1313 1802 1455 1846 cum
1475 1780 1600 1844 illis
1622 1776 1836 1846 nescio
1854 1804 1982 1874 quo
2002 1774 2388 1846 descendere
2406 1780 2566 1846 lice-
2612 1801 2615 1804 ‘

515 1900 635 1948 ret.
697 1880 897 1946 Nunc
921 1902 1071 1946 vero
1095 1876 1167 1944 ad
1193 1880 1395 1944 lucem
1419 1872 1664 1942 rediisse
1688 1920 1706 1950 ,
1732 1896 1796 1940 ut
1816 1898 2036 1966 augeat
2062 1874 2316 1940 libellos
2344 1930 2364 1956 ,
2392 1898 2562 1970 quos

515 1976 597 2046 de
623 1976 795 2044 civili
817 1973 1125 2070 regimine
1147 1970 1507 2064 pra-:scripsit
1526 2014 1546 2044 ,
1576 1970 1874 2038 institutis
1896 1966 2292 2060 Reipublicae
2314 2018 2336 2050 ,
2360 1998 2558 2062 quam

512 2076 691 2164 ajunt
721 2074 907 2164 plane
929 2092 1165 2136 novam
1189 2070 1253 2132 in
1279 2070 1612 2132 lcoleonte
1636 2064 1880 2134 excudi.

615 2166 849 2235 Adhuc
895 2162 1197 2257 Lysippus
1241 2160 1610 2259 loquebatur
1632 2219 1648 2245 ,
1693 2187 1834 2233 cum
1858 2187 1930 2231 ex
1950 2158 2204 2231 latebris
2222 2158 2404 2231 aulaei
2424 2162 2552 2231 mi-

505 2261 761 2335 serrima
785 2261 1133 2359 Algabonis
1155 2259 1371 2331 umbra
1389 2261 1712 2357 processit.

607 2357 873 2457 Hispidi
912 2359 1113 2429 crines
1137 2417 1157 2443 ‚
1205 2363 1397 2431 veluti
1431 2383 1676 2431 metum
1698 2383 2164 2433 tormentorum
2185 2359 2564 2449 liorrebantg,

511 2459 973 2533 incultabatbae
995 2461 1589 2555 canitie5‚oculique
1610 2463 1790 2531 lividi
1818 2463 2098 2531 nondum
2124 2459 2440 2531 feritatem
2464 2461 2566 2527 vi·-

517 2563 729 2636 ventis
749 2555 1441 2631 anuserantAEaeterum
1461 2585 1746 2657 apertum
1768 2561 2126 2633 verberibus
2148 2585 2376 2655 corpus
2398 2579 2560 2637 erat,

523 2663 779 2757 duoque
815 2659 893 2729 ad
933 2681 1185 2755 tergum
1223 2661 1477 2729 lierores
1516 2663 1876 2733 lentissirnis
1918 2659 2128 2757 flagris·
2154 2665 2426 2759 impigre
2446 2661 2570 2725 ira-

521 2763 821 2829 cundiam
841 2757 1205 2849 explebant.
1227 2757 1349 2827 Sed
1375 2761 1653 2829 maxime
1674 2763 1928 2829 miratus
1954 2761 2084 2831 sum
2108 2809 2130 2843 ‚
2152 2759 2565 2857 posteaquam

523 2857 783 2925 listores
821 2877 897 2919 ex
939 2853 1343 2945 personarum
1375 2857 1790 2927 similitudine
1816 2863 2116 2955 cognovi.
2176 2861 2366 2925 Erant
2390 2859 2566 2927 enim

521 2949 971 3049 Hippopbilus
995 2953 1059 3017 Bc
1087 2953 1399 3047 AEgorm.
1457 2957 1576 3023 Ille
1600 2959 1998 3025 lcoleontem
2018 2957 2094 3023 ab
2118 2955 2454 3051 Albagone
2474 2981 2574 3025 re-

529 3053 829 3151 petebat,
867 3049 1025 3117 alter
1057 3073 1267 3117 autem
1305 3055 1586 3121 cervices
1608 3051 2035 3122 ulciscebatur.
2098 3051 2236 3147 lpse
2256 3057 2328 3121 ad
2356 3051 2571 3151 aspera

529 3145 1019 3245 verbai&usque
1039 3145 1301 3245 suspiriis
1323 3147 1742 3245 respondebat
1764 3183 1784 3241 3
1806 3161 1866 3223 δε
1894 3209 1908 3233 ,
1954 3151 2246 3221 luducias
2266 3153 2411 3221 date
2431 3211 2446 3235 ‚
2470 3155 2576 3225 in-

531 3257 675 3351 quit
695 3307 713 3331 „
757 3259 1065 3317 utamoto
1087 3243 1375 3345 supplicii
1393 3245 1564 3317 sensu
1588 3297 1608 3331 ‚
1650 3251 1812 3345 apud
1840 3277 1946 3319 vos
1972 3253 2284 3345 aequitatis
2308 3253 2570 3323 arbitros

535 3349 762 3421 vestrae
781 3343 1109 3439 justissima
1131 3349 1391 3417 veritate
1413 3345 2124 3445 perorem-Suspendere
2148 3353 2364 3421 avidos
2386 3355 2572 3437 iaus,

539 3459 607 3521 δι
653 3445 941 3543 fatigatas
985 3445 1271 3527 dexteras
1309 3445 1387 3515 ad
1423 3443 1802 3517 severiorem
1844 3453 2156 3543 impetum
2186 3453 2570 3523 laxaverunt.

541 3555 639 3621 At
663 3549 767 3613 ille
787 3591 807 3623 ‚
831 3545 1285 3643 Tibijinquit,
1311 3547 1542 3643 AEgore
1560 3603 1578 3629 ,
1606 3547 1878 3641 primum
1900 3543 2334 3619 defensionem
2362 3577 2564 3621 meam

539 3643 1163 3743 probab0,c'ui'caput
1187 3647 1359 3713 nullo
1379 3645 1532 3713 odio
1554 3649 1802 3725 ademi,
1836 3643 1938 3715 sed
1964 3669 2030 3715 ut
2054 3649 2430 3741 gladiatores
2454 3675 2562 3717 un-

543 3745 859 3843 diquaque
883 3745 1077 3813 intuo
1097 3741 1311 3815 funere
1335 3743 2080 3849 certarent,tu1nulusque
2106 3749 2450 3821 aeternitate
2474 3751 2570 3815 vi-

2390 3867 2570 3917 vetet
