2738 4475
912 272 1617 345 P‘ARsV.
2072 231 2259 346 ,621

175 460 182 464 ,
219 384 285 454 Β(
299 389 396 470 qui
410 390 514 449 fint
536 428 554 455 ,
567 386 703 468 quid
721 388 909 451 velint,
922 386 1072 444 unde
1087 388 1311 445 veniant
1323 389 1424 465 qui
1445 387 1537 446 hic
1566 399 1676 444 rate
1691 385 2057 452 devehuntur,
2074 391 2262 448 certis·

229 473 370 528 fimo
387 486 609 529 norunt.
650 469 881 525 Revelat
897 468 1166 522 nimirum
1188 467 1397 530 Veritas
1410 466 1717 523 cultoribus
1732 465 1843 522 suis
1858 463 2167 534 secretiora,
2201 483 2266 527 ut

230 570 346 608 non
363 570 429 608 ex
449 548 626 606 oculis
643 588 659 612 ‚
679 546 765 603 sed
779 564 846 602 ex
865 558 1057 602 mente
1066 542 1335 619 judicent.

310 630 512 686 Praeter
527 627 644 682 haec
660 643 780 703 quae
798 639 932 680 tunc
952 623 1201 680 narrabat
1217 622 1468 696 piscator,
1478 623 1790 679 notavimus
1808 620 2068 680 insulares
2084 642 2262 682 unum

230 719 448 766 tantum
483 707 666 761 Deum
702 702 994 780 agnoscere
1012 727 1029 768 3
1069 701 1398 776 cultumque
1426 701 1563 759 tanti
1596 702 1845 760 numinis
1877 703 2269 779 incorruptum

229 803 521 862 nunquam
541 784 603 840 ad
622 785 809 839 statuas
825 784 878 839 δε
897 782 1078 837 inania
1094 779 1382 837 fimulacra
1394 778 1725 838 transsatum.
1760 782 1896 836 Non
1916 778 1995 836 ibi
2013 799 2135 845 arae,
2158 798 2271 837 non

228 863 462 940 templa.
483 880 594 918 non
612 859 738 917 sacri
751 858 871 916 ficia
894 887 910 929 3
946 859 1246 915 abhorrent
1272 859 1338 914 ab
1373 858 1479 915 illis
1494 859 1819 915 ceremoniis,
1832 876 1929 933 per
1940 876 2074 934 quas
2091 857 2275 935 super·

231 942 384 1001 stitio
400 943 614 998 animos
630 932 927 996 hominum
947 937 1012 994 ad
1029 954 1294 995 terrorem
1315 936 1574 994 devincit.
1619 939 1910 994 Orientem
1929 939 2159 994 adorant
2174 940 2293 994 So-.

237 1021 372 1083 lem.
391 1027 447 1080 &
461 1018 630 1075 in'illa
649 1017 768 1074 luce
785 1019 1065 1074 austorem
1084 1013 1321 1072 univerfi
1337 1030 1535 1072 aeterna
1553 1013 1740 1072 sobole
1758 1015 2068 1073 humanum
2097 1033 2276 1095 gean

231 1111 646 1175 propagantem.
690 1097 905 1152 Vivunt
926 1109 1026 1152 aut
1039 1108 1207 1150 vento
1225 1093 1648 1152 chamaeleontis
1665 1096 1724 1151 in
1740 1113 1955 1151 morem
1974 1131 1991 1153 ‚
2033 1110 2127 1152 aut
2142 1095 2275 1152 her-

233 1179 313 1235 bis
332 1176 606 1234 lethaliter
622 1176 817 1232 amaris
833 1215 849 1238 ,
884 1193 1019 1252 quas
1047 1173 1208 1231 tellus
1235 1173 1383 1229 arida
1412 1174 1556 1230 inter
1573 1190 1755 1229 arenas
1771 1176 1826 1231 δι
1844 1191 2030 1249 vepres
2045 1176 2273 1232 emittit.

228 1255 342 1313 Alii
364 1254 527 1313 maris
547 1258 603 1313 δι
620 1271 887 1329 aquarum
906 1272 1106 1329 vapore
1120 1250 1451 1316 saturantur,
1470 1267 1589 1308 tam
1605 1249 1858 1328 pestifero
1873 1251 2048 1310 halitu
2063 1271 2274 1331 graves,

227 1349 295 1391 ut
310 1353 378 1391 ne
394 1331 664 1408 Mephitis
675 1332 904 1407 quidem
923 1331 1175 1388 foetidius
1194 1330 1353 1386 oleat.
1412 1328 1609 1387 Multis
1635 1329 1838 1405 pabulo
1865 1328 1989 1388 sunt
2008 1329 2275 1397 scarabaei.

230 1413 366 1479 fuci,
379 1411 596 1476 cicadae,
612 1410 882 1473 formicae,
897 1427 1130 1472 vermes,
1145 1411 1201 1465 δε
1212 1407 1316 1465 alia
1331 1404 1551 1464 sectilia.
1570 1406 1820 1487 Plerique
1833 1407 2080 1487 loligine,
2096 1408 2276 1486 sepiis,

233 1492 458 1569 polypis
476 1529 492 1555 ‚
512 1508 699 1547 ozaena
715 1527 731 1552 ‚
759 1487 962 1544 locusta
977 1491 1031 1544 δε
1048 1486 1163 1543 aliis
1175 1483 1411 1562 piscibus
1427 1483 1718 1544 vescuntur
1730 1527 1749 1554 ,
1792 1490 1890 1566 qui
1909 1488 2170 1566 sanguine
2182 1507 2281 1544 ca-

233 1585 423 1627 rentes
439 1604 456 1627 ,
490 1567 579 1621 vel
595 1585 712 1623 rara
728 1582 890 1621 carne
903 1562 1029 1620 sunt
1044 1604 1061 1628 ‚
1099 1564 1187 1621 vel
1208 1565 1475 1621 tenuitate
1491 1564 1642 1640 pellis
1658 1567 1941 1643 conspicui
1960 1567 2019 1623 in
2037 1567 2280 1624 modum

237 1644 473 1720 crystalli
498 1644 848 1701 transsucent.
887 1643 1107 1700 Omnes
1124 1656 1219 1700 aut
1232 1642 1556 1700 abstinentia
1572 1642 1733 1701 solvit
1749 1683 1766 1709 ,
1783 1658 1878 1702 aut
1892 1643 1987 1702 sua
2002 1662 2158 1702 mora
2172 1658 2285 1702 tra·

238 1725 329 1781 hit
348 1725 404 1780 in
425 1720 731 1780 tumulum.
788 1723 1020 1778 Summa
1036 1721 1482 1778 maciesrenudat
1496 1721 1603 1778 oss‘a
1620 1759 1638 1781 2
1666 1721 2026 1800 alimentique
2054 1724 2287 1800 penuria

239 1800 518 1880 quidquid
552 1801 620 1857 de
646 1817 877 1875 corpore
903 1799 1131 1857 deducit
1165 1801 1444 1877 impendit
1474 1800 1531 1857 in
1564 1800 1736 1858 animi
1756 1803 1810 1858 vi
1853 1820 2028 1859 orem.
2068 1804 2138 1859 Et
2151 1802 2283 1879 quia

242 1883 495 1938 maxime
510 1878 717 1936 laudari
736 1893 1024 1936 merentur
1035 1919 1050 1943 ,
1085 1878 1221 1935 nulli
1239 1879 1530 1953 patientius
1547 1823 1874 1956 reprehenfii
1890 1879 2170 1941 sustinent.
2187 1898 2284 1936 ne-

238 1979 352 2038 que
367 1959 561 2016 mitius
573 1957 763 2014 alienis
775 1957 1107 2014 criminibus
1124 1955 1448 2014 irascuntur.
1491 1958 1724 2014 Cunffis
1743 1960 1907 2016 unica
1921 1973 2054 2036 toga
2069 1999 2086 2024 ,
2116 1961 2172 2016 &
2189 1961 2280 2035 pi·

239 2037 358 2095 leus
371 2054 544 2094 unus:
586 2035 740 2093 hunc
754 2041 811 2097 ὃ(
828 2034 987 2094 illam
1008 2036 1360 2094 initiatorum
1376 2035 1641 2112 exemplo
1661 2054 1950 2115 nunquam
1973 2039 2286 2113 deponunta

238 2134 391 2180 nam,
408 2114 562 2192 quod
584 2115 815 2172 vetustas
827 2113 1093 2188 absorpfit
1111 2153 1128 2178 ,
1143 2115 1477 2172 centonibus
1490 2115 1790 2173 resarciunt
1805 2139 1823 2182 ς
1859 2115 2009 2173 velut
2021 2115 2159 2172 olim
2175 2118 2285 2171 Ar·

239 2213 355 2274 gon
373 2195 694 2261 AEmoniam
714 2190 1073 2251 Athenienses
1091 2231 1106 2256 ‚
1143 2209 1326 2270 quam
1342 2206 1609 2270 perpetua
1639 2195 1978 2268 reparatione
2006 2191 2285 2253 conserva-

243 2288 360 2332 tam
379 2287 462 2330 ter
478 2272 817 2330 milleannos
831 2272 952 2349 post
966 2272 1216 2330 Iasonem
1235 2271 1444 2328 durasse
1458 2270 1705 2328 historici
1724 2270 1965 2329 tradunt.

325 2352 480 2410 ibam
496 2369 595 2426 per
610 2364 786 2408 totam
800 2348 1034 2408 insulam
1049 2350 1203 2408 lento
1221 2350 1393 2428 gradu
1408 2352 1465 2408 δι’.
1477 2366 1677 2425 corpus
1682 2350 1913 2426 jejuniis
1925 2368 2092 2428 grave
2106 2352 2286 2409 modo

242 2449 343 2509 per
377 2447 664 2501 arenarum
693 2426 896 2485 deserta
909 2468 927 2493 ,
956 2447 1103 2485 nunc
1121 2447 1219 2505 per
1236 2427 1542 2505 squalentes
1554 2427 1811 2486 littorum
1832 2428 1975 2486 finus
1988 2428 2289 2486 circumfe-

243 2509 431 2567 rebam
464 2528 480 2563 ·.
518 2526 652 2563 cum
685 2507 966 2563 intentum
985 2503 1341 2582 piscationi&
1354 2504 1559 2582 scaphae
1575 2508 1937 2565 inhaerentem
1958 2507 2289 2583 implacabi-

241 2588 308 2645 lis
323 2600 519 2645 ventus
535 2584 855 2643 distraxitin
873 2602 1039 2641 mare.
1097 2573 1330 2663 Fugerat
1359 2584 1392 2642 a
1421 2584 1589 2664 longe
1622 2600 1813 2646 natans
1841 2585 2032 2650 tellus,
2072 2589 2130 2643 &
2146 2583 2302 2642 nihil·

246 2664 400 2723 aliud
417 2666 480 2720 in
496 2660 791 2736 conspeetu
809 2680 938 2719 meo
951 2662 1245 2739 reliquerat
1264 2662 1487 2721 fortuna
1503 2678 1695 2741 praeter
1709 2664 1992 2722 coelum&
2008 2664 2182 2722 undas
2197 2702 2217 2727 ‚
2230 2668 2290 2723 ὃς

249 2745 419 2800 istum
438 2781 455 2806 ,
487 2741 586 2816 qui
606 2758 755 2796 nunc
779 2741 1128 2814 importunus
1144 2742 1393 2820 litigator
1409 2742 1579 2820 prisca
1592 2741 1785 2801 solatia
1799 2744 1858 2800 in
1878 2743 2138 2819 injuriam
2158 2760 2286 2799 ver·

246 2821 340 2879 tit.
372 2820 512 2876 Ecce
534 2821 546 2872 Ξ
563 2817 755 2875 omnia
768 2819 872 2875 alia
886 2818 1151 2876 timebam
1170 2820 1658 2895 praeter'homines:
1676 2834 1937 2880 caeterum
1954 2821 2290 2900 plerumque

246 2899 480 2958 initium
500 2896 830 2955 calamitatis
843 2897 918 2954 est
935 2895 1197 2956 securitas.
1257 2898 1548 2976 Expedivit
1577 2899 1629 2958 se
1656 2901 1725 2958 de
1756 2900 2014 2959 fluetibus
2039 2914 2181 2958 nova
2199 2901 2290 2958 in·

247 2978 366 3038 sula
385 2998 398 3033 ε
427 2973 570 3033 visos
606 2977 931 3036 intravimus
946 2976 1174 3035 reccss'us
1191 3018 1206 3043 ,
1233 2980 1290 3037 Bt
1320 2998 1418 3055 per
1448 2980 1663 3037 flumen
1701 2980 1881 3055 (quod
1903 2979 1981 3035 ibi
1997 2999 2157 3056 aquas
2173 2977 2291 3036 suas

245 3057 459 3135 aequori
482 3054 797 3129 maritabat)
816 3055 1044 3114 deveffi.
1063 3058 1122 3114 in
1140 3058 1321 3135 ripam
1338 3055 1662 3116 secessimus.
1702 3060 1781 3114 Ut
1796 3075 1928 3115 vero
1942 3056 2084 3114 bibit
2096 3059 2192 3115 iste
2208 3076 2293 3113 ar-

244 3150 467 3213 genteas
488 3134 770 3212 lymphas„
781 3133 1037 3211 oppressit
1050 3155 1178 3192 eum
1199 3135 1369 3194 ferrea
1385 3135 1596 3193 oblivio
1616 3174 1632 3199 ‚
1653 3137 1783 3194 &in
1803 3134 2016 3209 stupida
2033 3136 2292 3211 ignoran-

249 3215 329 3269 tia
345 3215 518 3271 statim
540 3215 882 3289 conquievit.
909 3214 1147 3271 *Putares
1162 3216 1379 3290 Cydni,
1404 3215 1502 3291 qui
1519 3214 1777 3271 Ciliciam
1797 3212 2089 3275 interfluit,
2106 3212 2289 3289 liquo-

248 3308 309 3347 re
325 3290 602 3368 diriguisse
620 3331 634 3355 ,
667 3292 707 3347 fi
721 3308 813 3349 aut
833 3292 1136 3351 Alexander
1151 3293 1363 3357 fuisset,
1402 3306 1499 3350 aut
1530 3293 1716 3368 rigore
1748 3291 1997 3347 fluminis
2017 3289 2287 3368 frigidum

246 3388 450 3444 corpus
470 3366 850 3429 summovisset
864 3370 1135 3447 spiritum.
1181 3375 1396 3429 Contra
1410 3368 1588 3427 vitalis
1603 3369 1748 3430 calor
1764 3369 1937 3426 crevit
1956 3406 1973 3433 ‚
1985 3371 2040 3426 δε
2058 3389 2150 3426 me
2166 3372 2290 3441 (no-

250 3468 325 3506 vo
339 3449 590 3504 monstro
608 3450 883 3525 turbatus)
918 3449 1214 3509 foeminam
1233 3452 1551 3507 existimans
1566 3446 1866 3523 populante
1885 3447 2046 3504 altius
2064 3448 2313 3509 flamma'

247 3527 481 3586 incaluit
497 3528 696 3601 prime,
719 3531 1070 3605 moxjunctis
1087 3528 1231 3587 mala
1249 3527 1359 3586 fide
1376 3525 1692 3604 peeJtoribus
1708 3563 1725 3585 ‚
1757 3524 1794 3581 fi
1812 3526 2149 3606 negligerem
2169 3527 2293 3588 suc-

247 3625 475 3665 currere
495 3606 690 3671 furori,
708 3607 988 3666 videbatur
1004 3610 1256 3665 ruiturus*
1273 3608 1329 3663 in
1348 3618 1615 3661 mortem.

329 3684 637 3743 Terrebant
655 3705 746 3743 me
765 3727 781 3750 ,
818 3686 1054 3745 solitudo
1072 3687 1180 3741 loci
1201 3721 1217 3744 ‚
1248 3691 1303 3743 Bt
1323 3684 1434 3739 fine
1451 3680 1661 3737 restore
1675 3680 1847 3740 sutilis
1859 3684 2062 3758 cymba
2080 3724 2096 3748 ,
2126 3684 2164 3741 si
2198 3687 2292 3743 de·

244 3764 524 3842 sperarem
577 3762 932 3823 insanientem
973 3781 1296 3823 amatorem·
1377 3759 1610 3815 Promifi
1644 3763 1856 3835 nuptias
1889 3782 2037 3820 meas
2056 3802 2072 3827 ι
2117 3765 2290 3820 modo

237 3842 548 3904 resumeret
583 3844 718 3902 vires
735 3882 752 3909 ,
794 3847 850 3902 &
865 3862 959 3901 me
980 3839 1248 3902 natalibus
1260 3841 1373 3897 oris
1390 3837 1654 3899 redderet.
1701 3843 1816 3899 Hac
1846 3844 2167 3903 conditione
2178 3842 2293 3915 pla-

1826 3952 1829 3957 ·
2177 3935 2311 3983 emt:
