2738 4475
443 215 581 316 558
938 208 1460 281 Eunaeum.
1514 206 2054 287 Sarrxtct

434 327 747 410 affeetu&
782 326 892 429 qui
910 328 1265 402 divinarum
1287 317 1500 398 rerum
1530 330 1772 424 peritos
1790 356 2144 422 exercent,
2194 332 2347 435 saepc
2374 361 2491 409 ca-

436 437 601 506 dunt
620 433 687 503 in
711 451 966 502 caeteras
996 423 1317 498 Musarum
1340 423 1703 525 disciplinas
1723 462 1745 522 3
1785 436 2093 507 maxime
2112 437 2204 507 illa
2220 436 2484 510 consue-

438 529 950 606 tudolitterarias
972 526 1156 610 lita,
1173 550 1245 596 ac
1269 526 1436 625 pene
1457 528 1605 597 odia
1622 575 1644 607 ,
1680 533 2005 630 agitandi.
2081 535 2472 630 Jurilconsul-

439 652 654 705 torum
672 627 937 729 quidem
960 625 1116 698 rixae
1135 625 1335 696 etiam
1356 625 1433 698 ad
1454 625 1997 702 inhumanitatem
2024 635 2341 708 verborum
2352 636 2465 708 de-

437 728 817 806 scenderunt
832 770 860 811 ,
897 724 1123 798 nostro
1159 723 1272 797 fibi
1312 722 1524 797 seculo
1560 722 1860 801 scuticam
1880 729 2341 836 flagellnmque
2351 736 2463 806 mi-

438 833 744 906 nantium.
804 824 1081 900 Abiitin
1099 821 1302 895 festas
1323 825 1657 900 Medicina
1679 877 1704 913 ‚
1741 832 1948 930 magis
1978 834 2192 906 etiam
2216 834 2463 934 pervica-

436 956 542 1004 ces
564 958 585 1001 ε
640 926 820 1030 quod
838 927 968 998 illis
989 948 1122 997 non
1140 924 1209 997 in
1241 925 1519 1023 gloriam
1540 945 1796 1001 tantum
1817 927 2010 1018 fama,
2032 931 2149 1005 sed
2167 939 2474 1034 &inopes

433 1051 773 1131 quaeratur‚
795 1033 863 1100 &
886 1026 994 1101 vix
1013 1049 1097 1096 un
1148 1047 1293 1097 uam
1313 1023 1627 1099 ludicrum
1648 1050 1754 1100 aut
1776 1028 1854 1101 ad
1874 1025 2075 1105 solam
2094 1036 2475 1131 voluptatem

431 1133 593 1204 inea
612 1149 748 1202 arte
767 1147 1095 1199 certamen
1165 1144 1192 1195 t
1217 1170 1240 1208 ,
1275 1126 1465 1222 aegris
1499 1126 1934 1228 quodcunque
1969 1129 2250 1203 istimale
2266 1129 2468 1203 sense-

436 1232 569 1305 rint
587 1227 914 1302 immerita
929 1223 1290 1310 calamitate
1307 1226 1662 1297 luentibus.
1717 1233 2033 1302 Caeterum
2058 1232 2337 1303 omnium
2376 1229 2464 1300 li-

434 1349 793 1404 teratorum
826 1348 1026 1425 genus
1056 1324 1126 1394 in
1164 1322 1318 1395 duas
1350 1325 1477 1396 rite
1494 1326 1714 1398 cl'ass'es
1737 1324 2101 1399 distinxeris.
2171 1334 2452 1412 Quarum

438 1431 553 1505 illa
575 1428 650 1502 fit
666 1428 1001 1500 hominum
1023 1422 1229 1496 multa
1248 1421 1516 1594 quidem
1536 1425 1901 1500 eruditione
1920 1423 2209 1513 felicium,
2225 1425 2323 1499 sed
2338 1428 2445 1522 qni

434 1552 743 1633 praeterea
760 1522 1052 1599 civilibus
1070 1518 1275 1622 discip
1304 1524 1429 1600 inis
1447 1523 1680 1597 imbuti
1699 1573 1724 1609 ,
1765 1525 2143 1601 incuriosam
2158 1525 2453 1600 scholasti-

440 1655 664 1703 corum
682 1649 934 1699 morum
956 1622 1278 1696 vilitatem
1296 1623 1670 1723 effugerint.
1742 1629 1900 1699 Alia
1936 1652 2092 1700 vero
2106 1629 2347 1702 illorum
2363 1625 2469 1728 qui

442 1731 727 1804 animum
746 1725 888 1798 unis
924 1722 1123 1797 literis
1157 1722 1614 1821 impenderunt
1642 1770 1664 1805 ‚
1701 1723 1937 1798 diutins
1975 1728 2147 1799 inter
2184 1729 2473 1801 extinfflt

441 1825 772 1905 vetustatis
805 1823 1032 1899 rudera
1068 1847 1265 1923 quam
1307 1847 1458 1895 cum
1478 1819 1588 1896 suo
1609 1822 1823 1897 seculo
1842 1830 2157 1908 viventes,
2196 1850 2262 1897 ut
2273 1828 2476 1923 pluri·

439 1950 625 2004 mum
663 1923 819 1999 foris
859 1923 1068 2025 inepti
1088 1979 1111 2010 ‚
1147 1930 1213 1996 δι
1257 1920 1633 1996 domesticis
1668 1921 1941 1997 sordibus
1976 1926 2154 1997 viles.
2221 1929 2471 2024 Neque

444 2030 646 2100 etiam
663 2027 853 2100 aliam
871 2023 1262 2125 elegantiam
1280 2043 1385 2095 aut
1404 2043 1737 2103 noverunt,
1757 2043 1858 2093 aur
1873 2043 2087 2093 curant
2106 2070 2132 2105 ‚
2165 2047 2361 2121 quam
2379 2025 2469 2094 il-

444 2130 576 2200 lam
592 2124 939 2197 solitariam
956 2179 977 2209 ,
1019 2146 1145 2220 qua
1183 2122 1222 2194 ὲ
1259 2121 1456 2195 Musis
1471 2121 1543 2192 ad
1564 2121 2167 2217 contemplationem
2188 2145 2467 2222 accepta,

443 2222 571 2300 frui
584 2248 776 2324 quam
798 2223 893 2295 uti
911 2224 1119 2324 magis
1143 2220 1411 2321 possunt.
1465 2221 1549 2292 Et
1567 2217 1680 2291 hos
1695 2239 1903 2292 tamen
1919 2221 2199 2293 maxima
2216 2222 2468 2295 utilita-

438 2346 509 2399 te
529 2324 804 2397 colueris
821 2381 843 2409 ‚
885 2320 933 2395 si
970 2320 1126 2394 scias
1165 2321 1246 2392 ab
1281 2324 1395 2395 hac
1427 2318 1608 2392 cruda
1640 2314 2023 2421 informique
2042 2345 2229 2394 arena
2244 2323 2464 2419 expri-

445 2450 627 2501 mere
645 2447 862 2498 aurum
881 2481 905 2511 ,
946 2430 1016 2498 δε
1052 2423 1262 2495 nitere
1300 2425 1420 2495 illo
1452 2417 1586 2521 ipso
1604 2444 1974 2494 ornamento
1989 2473 2015 2511 ,
2064 2421 2236 2523 quod
2251 2421 2319 2493 in
2341 2423 2469 2508 iia.

450 2530 630 2604 velut
646 2526 855 2601 mul'to
875 2528 1144 2627 pulvere
1159 2523 1465 2597 obrutum
1489 2579 1513 2608 ‚
1551 2523 1757 2595 lucem
1773 2520 2000 2596 amisit.

452 2718 615 2813 estque
627 2739 945 2796 summatim
965 2760 982 2798 ι
1006 2741 1082 2791 vel
1095 2740 1154 2790 ad
1167 2753 1335 2793 ornate
1349 2774 1367 2800 ‚
1383 2738 1452 2800 est
1512 2739 1654 2792 vides
1684 2756 1825 2809 quam
1852 2744 2017 2815 magni
2043 2761 2182 2803 nens
2196 2742 2479 2801 internam&

455 2812 828 2878 Rhetoricupae
842 2810 915 2862 vel
927 2806 994 2858 est
1009 2806 1259 2869 soluta‚vel
1271 2809 1447 2862 stricta.
1508 2811 1793 2866 eruditionis
1804 2831 1963 2884 panes
1976 2813 2081 2868 fint.

855 3087 1149 3186 Fusus
1199 3084 1655 3182 „QJARTAE
1724 3094 2128 3160 PARTIS.

2096 3628 2393 3708 PARS
2434 3622 2534 3724 Vq
