2738 4475
909 213 1809 347 Ῥιιιισῖῒ.ι
2140 259 2287 369 627

245 392 608 454 immoderata
652 389 872 451 insaniae
899 394 1275 470 permixtione
1305 393 1511 453 vitiatis
1539 406 1721 451 totam
1740 403 1989 449 mentem
2006 391 2275 467 praecipiti

245 476 301 532 &
318 486 570 531 extremo
586 473 830 549 corrupit
845 472 1035 529 exitio.
1079 473 1215 529 Non
1244 475 1443 548 potuit
1500 472 1575 529 ati
1602 472 1813 530 diutius
1844 467 2107 526 indomiti
2135 468 2270 527 mali

241 551 441 611 vulnus
455 551 701 610 saucium
718 549 930 624 peQ'us:
976 549 1288 609 domesticis
1316 553 1463 628 Eury
1507 563 1624 607 atus
1651 549 1962 607 concitatus
1984 543 2142 604 furiis
2156 548 2274 623 egit

240 626 295 688 se
308 631 375 689 de
396 631 546 695 saxo,
564 629 714 706 quod
729 629 996 706 impastos
1014 629 1188 687 vicini
1204 629 1454 687 fluminis
1473 629 1671 686 fluctus
1684 627 1859 686 elidit.
1895 624 2089 682 Vastus
2101 643 2267 681 ruen-

238 708 307 766 tis
325 708 512 789 fragor
529 727 682 768 aures
696 708 897 765 nostras
908 706 1118 766 invasit.
1163 707 1540 766 Accurrimus.
1566 704 2052 784 occupaveratjam
2066 718 2270 761 canum

237 779 391 846 littus
404 805 656 866 exangue
669 805 869 863 corpus
885 826 903 852 ,
932 805 1066 844 cum
1088 803 1225 842 mox
1243 787 1389 844 inter
1401 786 1732 845 obluctantis
1747 785 1948 843 animae
1967 798 2149 838 moras
2164 819 2181 844 ‚
2211 783 2269 838 Bt

238 865 460 922 crebros
473 863 733 944 linguitus
748 904 766 930 ‚
774 867 894 942 jam
911 862 1065 923 sanus
1078 867 1133 924 &
1149 862 1311 923 foelix
1326 904 1344 931 ,
1382 866 1773 941 experientiam
1794 862 1927 921 fecit
1941 858 2146 945 aliquid
2162 857 2270 915 esse
2331 888 2341 896 ·

236 943 389 1020 quod
406 943 619 1002 insanos
638 945 858 1002 Amoris
868 941 1090 1002 affeaus
1101 943 1267 1001 sanet.
1328 946 1460 1001 Haec
1493 940 1790 1020 aliquando
1818 939 2043 1017 Apolidi
2079 955 2279 995 narra-·

236 1021 565 1098 bamjuveni
586 1022 920 1081 nobiliffimo
939 1028 993 1083 &
1026 1021 1418 1081 formofiffimo
1434 1059 1453 1083 2
1487 1023 1584 1100 qui
1617 1020 1753 1079 casas
1784 1023 1986 1077 nostras
2017 1015 2266 1092 hospitio

235 1097 333 1158 suo
348 1100 603 1179 dignatus
622 1100 930 1158 fortunatos
945 1118 1043 1157 nos
1059 1101 1260 1159 solebat
1274 1103 1457 1158 dicere
1470 1138 1488 1164 ,
1524 1101 1623 1177 qui
1639 1099 1842 1156 remoti
1859 1098 1924 1155 ab
1941 1095 2267 1153 ambitionis

235 1178 425 1237 studiis
439 1181 622 1238 otium
640 1184 694 1239 &
712 1181 835 1237 vitae
852 1179 1308 1257 tranquillitatem
1330 1177 1687 1257 Queremur
1702 1213 1719 1237 .
1737 1181 1906 1234 unico
1923 1172 2270 1232 mortalitatis

233 1257 601 1315 incommodo
615 1257 645 1315 a
663 1259 913 1316 Deorum
927 1260 1041 1317 vita
1054 1256 1466 1333 discrepantem.
1506 1259 1658 1314 Tum
1676 1249 1769 1314 ill‘e
1784 1295 1801 1320 ,
1835 1255 1953 1330 post
1977 1253 2144 1331 longa
2174 1249 2266 1308 su-

230 1332 392 1414 spiria
408 1339 462 1395 &
479 1336 748 1411 lacrymas
770 1339 830 1395 in
846 1335 1109 1413 Eurybati
1125 1335 1308 1394 casum
1327 1334 1711 1394 miserabiliter
1721 1334 1913 1410 ejectas
1929 1372 1946 1397 ,
1994 1334 2123 1390 Haec
2135 1369 2153 1394 ,
2175 1330 2265 1386 in-

229 1416 374 1493 quit,
395 1415 475 1471 vis
490 1416 733 1480 vorticis,
747 1433 873 1492 quae
898 1415 1241 1489 Cupidinem
1261 1415 1320 1470 in
1334 1412 1517 1472 fraenis
1533 1411 1695 1471 habet
1710 1451 1729 1473 .
1750 1413 1959 1488 majore
1974 1409 2265 1488 diligentia

229 1492 665 1569 contemplanda
678 1493 754 1551 est
769 1531 786 1559 ,
817 1495 872 1549 ὃ(
898 1493 963 1570 ad
991 1492 1237 1568 aliquam
1260 1491 1562 1551 naturalem
1576 1490 1785 1549 causam
1806 1489 2156 1567 indagatione
2171 1482 2264 1542 so-

232 1570 360 1628 lerti
394 1569 729 1629 deducenda.
786 1572 940 1627 Hanc
959 1586 1067 1646 ego
1081 1570 1148 1626 de
1166 1568 1234 1626 fri
1315 1583 1568 1628 renatam
1589 1571 1755 1628 ausim
1779 1569 2002 1627 asserere
2062 1565 2172 1623 uod
2191 1564 2267 1621 ri-

233 1665 371 1724 gore
392 1646 492 1737 suf>
507 1648 847 1730 contrarium
867 1648 1057 1725 ignem
1075 1589 1313 1726 depelffi
1333 1690 1350 1715 ,
1378 1651 1433 1707 &
1463 1645 1602 1726 pene
1631 1666 1764 1707 cum
1794 1666 1984 1707 amore
2036 1659 2267 1706 ummo-

230 1738 640 1790 veatanimam.
877 1783 880 1786 .

318 1803 433 1861 Sub
449 1805 571 1879 ipsis
587 1804 743 1864 fluvii
761 1804 915 1879 aquis
928 1805 1319 1880 exprimuntur
1331 1803 1502 1884 gelidi
1519 1803 1695 1865 fontes
1711 1847 1728 1872 ,
1773 1806 1872 1882 qui
1897 1800 2146 1880 pluribus
2174 1817 2268 1856 ve·

230 1881 317 1940 nis
347 1880 572 1941 eluctati
604 1895 847 1959 acceptas
874 1883 1105 1941 virtutes
1134 1886 1189 1941 &
1220 1886 1492 1961 potentias
1510 1904 1629 1942 rece
1670 1885 1863 1942 taculis
1877 1884 1981 1940 suis
1998 1878 2264 1938 inferunt.

223 1962 510 2026 Saturnus,
525 1960 633 2020 five
646 1960 947 2038 plumbum
967 1958 1182 2021 viscosae
1200 1964 1441 2021 materiae
1455 1905 1764 2039 impagum
1784 1976 2123 2036 nexumque,
2140 1954 2263 2013 sub·

226 2038 421 2096 tilibus
441 2037 593 2097 fibris
606 2041 758 2118 quod
774 2041 963 2097 minus
981 2056 1306 2099 concretum
1324 2043 1399 2099 est
1427 2042 1651 2133 eliquat.
1708 2040 1853 2099 nlud
1882 2039 1923 2097 fi
1957 2034 2269 2116 praeteriens

221 2118 373 2175 unda
388 2115 574 2175 secum
594 2119 775 2176 trahat
789 2156 807 2183 ‚
822 2118 1192 2193 proculdubio
1208 2119 1496 2197 qualitates
1514 2121 1695 2177 induit
1714 2119 1932 2177 Saturni
1953 2116 2077 2192 ‚qui
2094 2112 2264 2169 ficcus

221 2201 282 2259 &
297 2194 368 2254 fri
411 2195 532 2255 idus
546 2195 691 2276 fugit
706 2196 1000 2262 coitum‚&
1019 2196 1270 2275 maligno
1287 2194 1500 2274 aspectu
1522 2198 1794 2255 Venerem
1816 2211 2070 2274 premens
2082 2192 2262 2248 osten-

220 2274 307 2333 dit
399 2277 519 2333 ium
539 2295 654 2355 quo
670 2278 729 2334 in
748 2275 1272 2353 sequioremsexum
1291 2277 1586 2334 crudeliter
1601 2277 1849 2334 inclinat.
1891 2270 2164 2330 Similiter
2178 2287 2265 2324 ar-

217 2367 457 2431 gentum
473 2354 541 2417 de
555 2354 861 2431 sympathia
874 2358 1076 2415 Lunx,
1105 2373 1231 2431 quae
1246 2352 1444 2430 frigida
1457 2359 1512 2416 &
1529 2353 1762 2413 humida
1779 2353 1871 2417 est,
1887 2351 2127 2429 pruritus
2144 2348 2256 2403 Ve-

215 2448 414 2488 nereos
430 2446 648 2489 enecat:
691 2432 839 2489 unde
856 2436 912 2491 ὃ(
926 2433 1066 2489 casta
1079 2432 1255 2490 Diana
1272 2430 1301 2489 a
1317 2433 1500 2491 Poetis
1531 2446 1756 2491 vocatur
1776 2471 1793 2496 .
1826 2436 1881 2492 &
1911 2426 2144 2487 abscissa·
2159 2428 2258 2480 Sa-

216 2523 394 2567 turno
410 2508 672 2586 genitalia
693 2508 889 2567 fabulae
903 2508 1166 2567 referunt.
1206 2510 1418 2586 ltaque,
1433 2510 1472 2567 fi
1489 2530 1584 2587 per
1601 2514 1816 2568 minere
1828 2505 2044 2584 plumbi
2059 2517 2153 2563 aut
2167 2522 2258 2561 ar-

215 2589 376 2666 genti
394 2587 649 2644 colantur
661 2585 838 2644 fontes
853 2586 951 2662 qui
966 2587 1190 2646 occulto
1206 2589 1402 2645 itinere
1416 2587 1645 2647 subeunt
1662 2587 2025 2652 terras,statim
2043 2591 2260 2641 exuunt

220 2666 481 2721 nativum
499 2662 742 2740 saporem
756 2702 775 2726 2
789 2663 1078 2725 &insertas
1095 2665 1445 2724 metallorum
1462 2671 1733 2727 potentias·
1744 2663 2119 2736 verberatione
2132 2679 2256 2718 cre·

220 2740 323 2799 bra
340 2756 611 2819 motuque
625 2741 924 2819 suscipiunt
939 2781 954 2805 ‚
971 2744 1214 2821 rigorem
1236 2727 1507 2812 matt-rii,
1535 2766 1630 2823 per
1647 2762 1816 2825 quam
1837 2745 2020 2801 fluunt
2035 2781 2052 2806 ,
2082 2739 2253 2797 bene-

224 2815 359 2877 ficio
373 2818 644 2879 trahentes
662 2848 681 2892 3
723 2819 1005 2899 frigusque
1020 2823 1234 2880 Saturni
1250 2836 1343 2881 aut
1358 2826 1528 2882 Lunae
1542 2863 1561 2890 ‚
1591 2827 1742 2904 aquis
1758 2866 1774 2891 ,
1805 2826 1864 2881 in
1879 2840 2013 2900 quas
2025 2817 2249 2879 descen-

218 2897 383 2963 dunt,
394 2899 713 2974 penetrabili
727 2902 854 2979 gelu
872 2901 1118 2958 inurunt.
1178 2903 1324 2958 Hinc
1351 2919 1544 2962 contra
1575 2902 1719 2963 faces
1753 2902 2044 2980 Cupidinis
2058 2902 2253 2962 virtus,

216 2981 278 3038 &
293 2975 526 3056 frigidus
542 2992 757 3056 torpor,
770 2977 1110 3055 &insperata
1123 2980 1275 3057 quies
1289 2980 1529 3041 aestuanti
1546 2987 1746 3040 animae
1764 2979 2010 3038 concess'a
2033 2999 2046 3032 :
2078 2975 2254 3048 Quod

213 3057 454 3131 apertius
469 3057 683 3115 videtur
699 3059 758 3117 in
778 3056 1062 3133 lapidibus,
1079 3077 1320 3137 quorum
1343 3062 1481 3118 vires
1503 3075 1781 3137 utrunque
1803 3058 1941 3115 sidus
1971 3072 2136 3133 auget
2165 3073 2254 3110 re-

217 3133 442 3193 condita
468 3137 981 3196 communicatione
1012 3135 1323 3213 aspectuum
1347 3176 1363 3203 ‚
1390 3141 1491 3217 qui
1522 3139 1713 3216 procul
1749 3135 2019 3195 asublimi
2036 3133 2258 3191 aetheris

222 3212 429 3270 vertice
456 3212 708 3273 discretas
732 3234 985 3293 gemmas
1009 3215 1175 3273 celeri
1202 3215 1504 3275 transcursu
1535 3216 1909 3274 corroborant.
1978 3210 2248 3269 Inferiora

218 3289 431 3367 quippe
460 3288 821 3369 superioribus
845 3312 943 3369 per
960 3310 1213 3351 mutuam
1233 3296 1657 3370 applicationem
1676 3292 1932 3371 copulata
1950 3289 2248 3347 miraculo·

220 3386 353 3425 rum
371 3365 602 3446 speciem
618 3370 901 3429 exhibent.
922 3374 1067 3430 Hinc
1084 3373 1373 3439 turchelia,
1389 3374 1767 3434 androdamas,
1783 3370 2098 3432 chalcedon.
2113 3385 2252 3441 eny-

218 3446 354 3504 dros
380 3485 397 3510 ,
416 3445 688 3529 exebenus
701 3487 718 3513 ,
747 3447 1082 3526 frigidiffimi
1116 3451 1318 3527 lapides
1331 3489 1346 3511 .
1381 3452 1447 3509 de
1466 3450 1751 3527 utriusque
1768 3449 1950 3506 fidei-is
1963 3447 2178 3525 aspectu
2196 3465 2253 3503 a·

214 3526 452 3584 mentiae
466 3527 672 3583 amoris
688 3528 978 3586 medentur
997 3570 1014 3594 ,
1047 3530 1410 3590 &libidinem
1432 3531 1696 3588 fraenant:
1741 3547 1872 3585 cum
1889 3544 1954 3582 ex
1975 3528 2252 3585 mixtione

215 3598 410 3679 ἱρή-επ
423 3602 699 3681 qualitatis
711 3605 770 3662 in
783 3607 1139 3665 concoctione
1158 3608 1243 3666 sua
1263 3610 1314 3664 ni
1324 3608 1397 3665 hil
1413 3608 1699 3666 obtineant
1715 3608 1749 3664 d
1756 3626 1784 3662 e
1797 3606 2059 3684 qualitate
2076 3608 2252 3683 ignea.

211 3685 356 3741 Haec
371 3679 657 3741 conservat
672 3699 830 3747 terra,
849 3686 903 3741 δι
919 3686 1148 3743 emittit.
1206 3687 1505 3746 Videamus
1540 3686 1677 3762 quid
1710 3704 1858 3761 aquae
1888 3700 1949 3740 ut
1969 3688 2254 3745 medicatae

207 3759 326 3819 fint
340 3757 601 3818 sorbeant
614 3798 631 3826 ,
668 3773 732 3819 ut
756 3762 1048 3824 excludant
1075 3765 1592 3857 defiderialibidmis
1608 3769 1661 3825 ὃς
1680 3783 1773 3824 om
1782 3783 1910 3826 nem
1929 3770 2167 3842 pruritus
2180 3767 2263 3822 tiss

205 3835 626 3919 tillationisque
639 3837 915 3901 affectum.
1952 3875 1959 3882 .

1240 3923 1295 3980 R
1311 3939 1338 3978 r
1379 3940 1410 3980 a
1999 3921 2265 4003 'vestiunt
