2738 4475
892 212 1379 286 Pras
1502 206 1601 282 νς
2108 200 2255 295 625

231 348 410 398 mura,
424 334 480 390 δι
495 328 768 408 graminis
781 327 1061 388 lasciviem
1076 342 1251 386 vocat.
1310 326 1529 388 Cess‘ant
1541 324 1719 384 nimbi
1733 359 1751 390 ,
1785 321 2000 400 pruinae
2012 359 2030 384 ‚
2046 323 2260 401 glacies.

225 416 284 471 δι
305 410 531 469 meliore
553 407 715 465 vultu
730 406 972 466 collucet
984 406 1239 465 serenitas
1254 407 1404 466 coeli.
1472 408 1607 466 Non
1624 423 1681 461 es
1733 403 1911 459 rimus
1927 439 1944 464 ,
1973 403 2061 458 cui
2075 401 2257 459 maxi·-

224 508 334 545 mae
349 486 652 546 foelicitatis
666 485 961 544 exordium
982 487 1234 544 Fortunae
1249 483 1539 544 crudelitas
1567 497 1684 540 attu
1711 483 1772 539 it.
1831 481 2032 536 Parum
2061 480 2256 536 absunt

223 569 294 624 ab
306 565 574 625 extremis
588 562 992 622 calamitatibus
1005 563 1344 640 inexpefflta
1359 561 1495 620 salus
1510 601 1527 625 ,
1543 564 1598 619 &
1610 560 1785 640 gloria
1801 564 1858 620 ὃ(
1871 558 2095 615 divitiae.
2136 559 2255 634 Ego
2316 629 2319 632 Δ

223 664 374 711 vero,
392 659 737 723 quamquam
751 642 877 700 alias
895 644 1162 719 imperare
1175 641 1393 719 poss‘um
1414 677 1432 704 .
1463 640 1724 717 deprecor
1737 640 1799 696 in
1820 637 2256 695 matrimonium

220 717 472 781 sororem
492 734 662 777 tuam.
727 721 783 779 Si
826 719 958 780 facis
982 721 1097 780 hoc
1113 759 1132 786 ‚
1164 734 1319 780 utere
1346 719 1607 778 omnibus
1637 736 1762 795 quae
1776 716 1837 774 in
1850 716 2119 793 potestate
2133 731 2259 771 mea

218 800 348 861 sunt
362 840 380 868 ‚
411 804 467 859 &
484 797 904 858 famofiffimum
921 800 1120 858 ducem
1139 837 1155 860 .
1196 799 1300 857 tibi
1330 796 1637 855 amicitiam
1667 799 1723 855 δι
1748 795 2078 853 duraturum
2097 790 2256 863 obse&

218 883 423 960 quium
440 876 838 937 conciliantem
852 918 870 944 ,
891 878 1116 956 dignare
1132 876 1395 936 affinitate
1412 890 1523 934 tua.

303 961 442 1017 Non
472 955 690 1014 vacabat
719 956 1043 1033 respondere
1071 955 1137 1013 ad
1165 955 1366 1014 cuneta
1400 955 1658 1024 timenti;
1697 951 1886 1030 lingua
1954 951 2120 1028 uippe
2137 948 2259 1007 vim

223 1035 375 1095 suam
391 1035 571 1113 perdit
584 1035 644 1091 in
660 1052 726 1090 eo
742 1037 842 1113 q‘ui
861 1034 1004 1094 ultra
1019 1033 1170 1112 spem
1188 1033 1375 1091 beatus
1388 1034 1484 1091 est.
1542 1032 1743 1091 silebat
1755 1031 1877 1089 adol
1932 1050 2061 1090 cens
2073 1068 2090 1093 2
2120 1046 2260 1086 cum

220 1114 295 1173 fic
321 1117 386 1172 ad
420 1112 763 1189 Eurybatum
798 1111 1207 1171 adolescentulag
1280 1115 1366 1170 Im
1374 1110 1677 1169 moderatas
1707 1108 1944 1168 miserias
1973 1109 2263 1185 excipiunt

216 1192 550 1271 plerumque
563 1190 1001 1269 tranquillitas&
1015 1193 1223 1258 laetitia5
1240 1207 1355 1249 non
1366 1189 1576 1256 habent
1588 1203 1835 1250 exuema
1851 1188 2103 1247 modum.
2125 1183 2263 1243 Ful-

217 1266 2262 1427 fflssss‘ssffffiffii:tssss'ff‘fl-ffitzssfiss{Ynssffifflassix

219 1427 615 1487 inundantibus
628 1424 872 1486 succedit
888 1430 1085 1490 Amor,
1100 1425 1292 1484 nostris
1305 1425 1524 1500 injuriis
1540 1424 1733 1486 iram,
1771 1429 1826 1484 &
1842 1465 1859 1493 ,
1875 1443 2043 1502 quam
2061 1421 2258 1480 condi·

221 1509 440 1565 tionem
459 1506 521 1563 in
539 1504 789 1562 libertate
805 1505 1015 1582 sperare
1030 1522 1146 1561 non
1158 1503 1448 1569 audebam,
1468 1504 1695 1579 captivis
1709 1505 1931 1581 ingerit.
1991 1505 2163 1561 Nunc
2179 1497 2262 1557 se-

225 1603 361 1642 cura
373 1577 645 1640 libertatis
657 1619 675 1646 ‚
704 1581 771 1640 ad
785 1601 968 1672 genua
982 1596 1075 1639 tua
1089 1581 1335 1658 deposito
1346 1582 1524 1658 capite
1538 1620 1555 1645 ,
1571 1583 1971 1660 compendium
1982 1580 2151 1639 breve
2163 1597 2260 1636 ne-

229 1661 457 1719 cessitati
474 1656 737 1736 deposco:
772 1660 932 1719 liceat
948 1662 1134 1719 uxoris
1148 1661 1619 1737 nuncupationem
1637 1658 1904 1719 sacrificio
1918 1670 2260 1738 praevertere.

232 1738 538 1797 Silentium
553 1735 733 1796 fratris
748 1757 853 1816 pro
867 1736 1128 1798 consensu
1142 1740 1218 1797 est
1231 1777 1249 1799 .
1262 1739 1359 1817 qui
1379 1736 1439 1795 fu
1484 1739 1644 1797 ientis
1659 1757 1845 1798 comes
1859 1779 1876 1804 ‚
1894 1745 1948 1800 &
1966 1735 2267 1798 infortunii.

228 1815 426 1880 socius,
441 1815 730 1893 gentilitiis
741 1818 1067 1876 ceremoniis
1081 1830 1229 1876 totus
1242 1756 1525 1875 incumfiit
1542 1857 1559 1882 ,
1593 1821 1648 1876 &
1661 1817 2071 1908 Junonijugali
2085 1812 2268 1874 medi-

226 1910 377 1955 tatur
392 1908 607 1952 votum.
654 1895 966 1955 Accendere
978 1896 1137 1955 taedas
1152 1937 1169 1962 ,
1200 1896 1545 1972 constrepere
1559 1895 1915 1972 hymenaeum
1931 1933 1948 1957 ‚
1967 1892 2266 1954 immolare

225 1975 485 2034 vidtimas
517 1973 826 2050 Eurybatus
857 1975 1048 2052 coepit.
1106 1974 1284 2032 Simul
1310 1974 1645 2032 clamoribus
1674 1975 1936 2062 inquietis
1965 1971 2264 2031 miscentur

223 2071 325 2110 om
332 2053 424 2110 nia
438 2086 456 2115 9
473 2050 624 2111 saevit
634 2065 977 2112 armatorum
999 2070 1193 2115 manus
1208 2052 1379 2111 feroci
1394 2053 1689 2132 eruptione
1704 2090 1721 2118 ‚
1746 2054 1977 2132 testique
1990 2050 2103 2111 diei
2114 2046 2265 2108 hila-

222 2132 448 2189 ritatem
465 2132 526 2188 in
541 2128 872 2189 horrendam
889 2130 1089 2188 faciem
1106 2130 1311 2190 transm
1318 2141 1452 2188 utat.
1974 2135 1977 2136 ’

308 2207 574 2287 Liphippi
595 2226 779 2268 recens
794 2209 1043 2268 ediaum
1059 2248 1078 2275 ‚
1104 2196 1545 2287 impunitatem,
1576 2207 1779 2267 bonam
1800 2207 2006 2269 famam
2026 2246 2044 2274 ‚
2071 2225 2264 2267 rever·-

219 2288 432 2347 fionem
477 2308 546 2346 ue
579 2289 635 2346 in
668 2290 901 2365 patriam
927 2288 1234 2346 latronibus
1248 2285 1550 2365 piratisque
1562 2287 1891 2346 concesserat
1903 2327 1922 2355 ,
1950 2289 2049 2365 qui
2068 2289 2263 2367 pirata

223 2366 426 2425 latroni
455 2383 519 2423 ve
530 2363 811 2423 abscissum
825 2382 985 2443 caput
996 2365 1309 2425 detuliffent
1326 2368 1388 2424 in
1406 2367 1636 2424 curiam.
1685 2368 1785 2424 His
1799 2367 2039 2442 praemiis
2050 2369 2263 2425 excita-

226 2460 314 2505 tus
330 2442 576 2502 Celadon
597 2444 1033 2502 Melandriorum
1049 2442 1312 2502 secundus
1327 2458 1504 2501 terror
1519 2484 1536 2509 ,
1579 2442 1731 2502 suam
1761 2444 2057 2502 infamiam
2088 2444 2264 2503 aliena

227 2534 415 2581 morte
429 2519 658 2579 liberare
674 2521 869 2586 voluit,
890 2527 946 2582 &c
961 2522 1366 2581 commilitonis
1382 2523 1529 2580 caede
1543 2521 1772 2580 salutem
1788 2541 1987 2580 emere.
2027 2524 2269 2578 Tentata

226 2603 418 2679 itaque
450 2599 702 2656 militum
735 2596 840 2655 fide
867 2596 1192 2657 validiorem
1231 2601 1558 2675 praedonum
1578 2618 1807 2659 manum
1826 2600 2058 2658 armavit
2076 2600 2133 2657 in
2154 2600 2267 2656 du·

229 2697 377 2736 cem.
422 2675 750 2733 Crudescere
766 2677 989 2735 interim
1006 2674 1197 2749 seditio
1213 2716 1231 2741 2
1249 2681 1305 2736 ὃ(
1324 2678 1393 2736 ab
1405 2679 1742 2737 inconcinno
1759 2697 2050 2736 murmure
2066 2678 2131 2735 ad
2147 2676 2268 2755 gla-

232 2751 354 2813 dios
368 2756 423 2813 8t
439 2753 547 2811 tela
561 2751 798 2812 tranfire.
842 2755 1042 2813 Pavens
1058 2754 1361 2830 Eurybatus
1377 2795 1393 2823 ,
1425 2761 1479 2815 δι
1495 2757 1560 2814 ad
1574 2759 1927 2834 repentinum
1942 2755 2265 2815 tumultum

233 2830 1008 2910 desperabundus‚timensque
1025 2852 1093 2891 ne
1107 2835 1258 2913 quod
1276 2836 1443 2893 etiarn
1462 2838 1581 2912 post
1595 2833 1746 2894 suam
1765 2848 2006 2893 mortem
2022 2833 2269 2911 spolium

227 2905 529 2970 rebellibus
559 2910 894 2988 relinqueret
907 2949 926 2977 ,
957 2930 1080 2989 quae
1112 2929 1303 2971 natura
1328 2913 1723 2989 trepidantium
1751 2915 1828 2971 est
1844 2953 1860 2980 ‚
1906 2912 2265 2992 intentusque

222 2988 457 3066 captiva:
486 2991 692 3066 nuptiis
709 3028 725 3056 ,
755 2992 900 3047 inter
914 2992 1171 3069 ancipitia
1188 2991 1320 3050 belli
1337 2993 1552 3067 pathin
1577 3010 1811 3049 uxorem
1829 2994 2053 3069 perdere
2067 2994 2269 3052 maluit

198 3083 202 3085 ’
222 3086 396 3145 quam
413 3068 708 3126 Celadonti
723 3068 1006 3127 reservare.
1049 3073 1408 3129 Commeavit
1425 3071 1491 3128 ad
1508 3088 1709 3128 novam
1728 3072 2027 3148 conjugem
2046 3111 2062 3136 ,
2094 3075 2148 3129 &
2170 3072 2266 3129 in·-

225 3162 311 3203 ter
327 3148 595 3206 ultimum
611 3146 861 3206 osculum
879 3147 1111 3206 inseruit
1122 3147 1308 3207 ensem
1325 3162 1513 3207 amato
1532 3150 1764 3226 peetori,
1780 3150 1931 3217 idem
1952 3147 2128 3206 bonus
2145 3168 2263 3207 ma-

229 3226 405 3286 ritus,
442 3228 497 3283 δι
516 3241 773 3284 cruentus
801 3227 1090 3301 percussor.
1132 3231 1282 3286 Tum
1304 3245 1433 3285 vero
1447 3230 1604 3285 omni
1623 3229 1827 3285 timore
1843 3225 2051 3284 calcato
2077 3267 2094 3292 ,
2123 3234 2267 3288 &eo

230 3304 550 3380 generosior
566 3306 825 3382 quiajam
845 3304 1151 3364 charissima
1165 3325 1401 3382 quaeque
1418 3307 1739 3380 perdiderat,
1758 3307 1918 3362 irruit
1932 3306 2076 3378 inter
2090 3303 2270 3382 spicu-

235 3381 289 3438 la
304 3379 623 3458 gladiosque
640 3381 853 3440 hostiles
871 3422 887 3446 ,
902 3400 1079 3442 certus
1092 3382 1372 3443 effundere
1386 3382 1644 3459 spiritum
1662 3424 1679 3449 ,
1694 3398 1787 3441 aut
1802 3385 2036 3441 retinere
2050 3402 2144 3459 per
2160 3387 2273 3442 vir-

231 3474 436 3518 tutem.
492 3459 658 3517 Adest
684 3460 1014 3539 plerumque
1044 3464 1350 3521 temerariis
1382 3463 1624 3520 viCtoria.
1678 3462 1942 3521 Cecidere
1953 3481 2084 3520 cum
2104 3464 2270 3521 Cela-

237 3540 418 3597 donte
435 3536 661 3595 rebelles
685 3577 703 3603 ,
728 3542 782 3598 &
801 3538 995 3597 validas
1009 3558 1203 3599 manus
1220 3579 1236 3605 .
1267 3558 1402 3617 quas
1417 3542 1483 3599 ad
1498 3540 1832 3617 erogandam
1849 3542 2041 3616 stipem
2062 3544 2275 3618 aperire

237 3635 360 3681 non
374 3629 670 3690 potuerant
687 3656 703 3680 ,
735 3618 855 3694 post
872 3632 1123 3693 ereptum
1146 3617 1397 3694 spiritum
1417 3633 1647 3676 armatas
1665 3616 1813 3676 ferro
1829 3620 2165 3693 retinebant:
2206 3640 2273 3682 ea

245 3696 415 3753 etiam
433 3711 564 3754 cura
578 3694 917 3771 praedonibus
935 3697 1145 3755 honesti
1163 3698 1343 3755 exitus
1357 3696 1484 3757 fuit.

332 3772 616 3833 Caeterum
634 3776 775 3853 Eury
783 3774 910 3835 bato
928 3776 1125 3835 Martis
1141 3777 1244 3835 Dei
1261 3774 1541 3915 blangitiae
1555 3791 1657 3853 pro
1672 3773 1876 3841 saevitia
1887 3790 2042 3839 erant
2057 3814 2074 3839 2
2097 3780 2159 3916 ἓ
2175 3775 2279 3838 ho.

1445 3870 1473 3910 Γ
2165 3870 2286 3921 ΩΦ»
