2738 4475
886 223 940 291 P
1045 244 1097 291 Δ
1197 197 1387 289 Rss
1506 220 1602 289 V.
2085 208 2231 304 609

349 340 623 423 ‚Quasque
653 339 1017 397 recondidimus
1033 375 1050 397 ,
1092 342 1380 416 Stygiisque
1405 339 1738 397 admovimus
1768 332 1986 396 umbris,

348 419 687 495 Effbdiuntur
715 430 854 493 opes,
898 421 1232 475 irritamenta
1246 417 1520 474 malorum.
2078 471 2082 481 Δ

274 498 395 554 Nec
424 500 522 554 iste
552 496 715 552 miles
730 511 815 552 tot
829 496 954 552 dam
964 498 1047 552 nis
1065 496 1199 550 meis
1212 493 1426 551 satiatus
1440 494 1685 571 pepercit
1702 489 1914 547 liberis:
1955 503 2221 563 tempera·

190 576 274 633 vit
291 573 523 653 quidem
541 573 571 632 a
590 592 886 637 mucrone,
922 573 1012 630 sed
1045 589 1160 629 tam
1194 572 1449 649 improba
1468 571 1811 628 humanitate
1829 609 1847 634 ,
1887 581 1950 625 ut
1967 566 2222 643 spiritum

189 653 348 712 adem
394 669 455 712 to
481 653 630 710 vieta
658 652 810 710 lento
840 652 1052 728 effugio
1067 665 1358 708 tenuatum
1380 652 1534 726 pejus
1548 650 1819 708 solverent
1838 687 1854 711 ,
1886 664 2057 723 quam
2076 643 2114 700 fi
2129 662 2224 700 eos

186 733 324 792 enfis
341 674 567 790 ‹fediss‘e't
586 732 854 794 neci,Diis
871 728 1234 788 infernalibus
1257 742 1473 786 votum.
1506 731 1733 785 Utinam
1754 742 1869 784 tam
1890 728 1947 783 in
1947 723 2226 859 &antestare

187 829 314 868 mea
328 810 458 868 esset
470 823 813 886 acceptarum
827 808 1074 866 cladium
1092 806 1362 872 oblivisci,
1390 826 1561 884 quam
1580 810 1783 864 tacere!
1819 804 1924 869 vel,
2006 814 2226 879 negaret

181 907 376 947 recens
391 890 551 946 dolor
569 888 842 946 silentium
862 927 879 951 ,
899 888 1012 945 vita
1026 906 1118 944 me
1131 885 1333 944 infelix
1351 904 1485 942 cum
1504 904 1636 942 voce
1654 884 1797 942 nihil
1814 881 2129 959 profectura
2144 899 2230 935 re-

185 964 466 1044 linqueret
485 970 498 1020 !
542 967 758 1024 Similes
772 966 961 1024 sumus
978 964 1312 1040 serpentibus
1331 1003 1348 1027 ,
1384 982 1631 1041 quorum
1662 963 1873 1020 morsus
1890 976 2111 1034 torpent
2126 958 2228 1015 sub

185 1042 415 1122 frigore3
431 1064 529 1103 nos
548 1047 728 1102 nostra
743 1044 1089 1102 imbecillitas
1103 1058 1248 1101 arcet
1263 1044 1293 1101 a
1311 1043 1588 1107 nocendo,
1601 1046 1657 1100 ὃς
1672 1059 1955 1118 nunquam
1976 1038 2077 1096 nist
2092 1054 2228 1094 cum

184 1124 376 1182 ,anima
393 1138 644 1182 exertum
664 1124 920 1182 aculeum
935 1122 1303 1202 relinquimus
1318 1161 1335 1187 ‚
1371 1141 1541 1200 quem
1561 1122 1735 1179 aliena
1751 1121 1952 1197 injuria
1966 1119 2026 1176 in
2041 1116 2125 1175 sui
2141 1116 2229 1180 ul·

185 1200 399 1259 tionem
417 1202 688 1278 expressit.

268 1282 354 1339 Ad
372 1281 490 1339 haec
510 1281 704 1349 milcs;
735 1279 906 1352 Quod
924 1319 938 1340 .
953 1281 1159 1357 inquit,
1176 1281 1236 1337 in
1253 1278 1404 1338 coelo
1417 1280 1666 1356 primum
1688 1277 1892 1336 mobile
1906 1319 1921 1344 ,
1952 1277 2061 1333 hoc
2076 1272 2225 1352 apud

188 1377 289 1416 nos
308 1361 576 1437 Acignius
595 1359 849 1418 civilium
870 1376 1131 1418 motuum
1148 1357 1302 1416 causa
1320 1361 1505 1416 omnis
1521 1366 1576 1420 δε
1594 1360 1771 1435 origo.
1814 1357 1924 1414 Alii
1944 1358 2091 1415 istius
2104 1353 2225 1430 agi-

187 1441 399 1495 tatione
416 1436 696 1495 infiiniunt
713 1478 729 1501 ,
759 1438 851 1494 hic
881 1435 1001 1494 sua:
1046 1455 1334 1512 nunquam
1355 1438 1645 1496 cess‘aturus
1665 1435 1761 1495 nili
1777 1434 2148 1494 Eleutheriam
2166 1432 2229 1488 in

187 1514 468 1572 ditionem
488 1516 758 1590 Liphippi
775 1513 1004 1571 miserit.
1066 1515 1247 1570 Etiam
1280 1516 1337 1571 in
1367 1513 1504 1572 sudo
1532 1518 1672 1592 pacis
1694 1512 2234 1595 grass'aturinimicus

189 1595 344 1670 ignis
361 1594 507 1651 varia
518 1592 638 1650 face
653 1630 669 1655 ,
689 1610 814 1667 quae
835 1591 1088 1648 flammas
1102 1591 1218 1651 suas
1231 1592 1290 1649 in
1304 1592 1355 1669 pl
1365 1613 1483 1652 ures
1504 1594 1703 1671 species
1723 1607 1903 1652 mutat
1918 1633 1935 1658 ,
1957 1596 2012 1650 &
2031 1587 2232 1647 multi-

196 1688 343 1746 vago
375 1668 597 1746 fulgore
612 1667 899 1727 coruscans
917 1689 1018 1746 pro
1034 1684 1284 1746 tempore
1299 1672 1543 1730 colorem
1563 1675 1746 1731 induit
1763 1678 1815 1730 ὃ(
1832 1691 1962 1730 cum
1983 1683 2236 1742 tempore

193 1748 450 1822 deponit.
489 1749 771 1825 Ja&amur
790 1749 1016 1806 interim
1031 1750 1283 1807 civilium
1303 1750 1573 1808 bellorum
1594 1751 2024 1827 tempestatibus,
2063 1755 2119 1808 δε
2142 1756 2236 1810 ‚ut

192 1828 261 1883 in
287 1828 430 1884 irato
461 1827 602 1883 mari
640 1824 704 1883 fit
717 1867 734 1892 ,
764 1825 986 1885 diversis
1014 1827 1234 1888 flatibus
1267 1831 1554 1887 turbarum
1583 1830 2031 1907 seditionumque
2049 1852 2067 1896 ;
2107 1840 2235 1902 quae

185 1904 564 1981 prudentibus
578 1923 646 1962 eo
660 1906 895 1982 apertius
927 1905 1183 1964 videntur
1201 1946 1216 1972 ,
1250 1927 1366 1983 quo
1397 1922 1660 1984 teguntur
1693 1907 1960 1966 secretius.
2034 1908 2238 1983 Neque

185 1985 356 2042 enim
378 1985 592 2042 moveri
608 1985 782 2059 potest
799 1987 856 2042 &
871 1985 1144 2042 contundi
1162 1985 1582 2063 hocimperium
1598 2026 1614 2050 ,
1659 1988 1759 2045 nisi
1791 2003 1916 2044 ante
1944 1987 2087 2043 cives
2101 2000 2238 2041 cum

182 2060 415 2121 civibus
427 2064 804 2120 concertarint
819 2100 836 2126 ‚
866 2066 921 2121 Bt
936 2064 1007 2121 fic
1024 2063 1209 2121 defeffi
1225 2082 1291 2121 ac
1306 2083 1579 2143 exangues
1595 2066 1935 2124 inhiantibus
1955 2066 2118 2121 Iberis
2134 2077 2245 2118 tra-

191 2142 413 2199 dantur.
473 2139 760 2217 Relinque
791 2159 1067 2199 annorum
1096 2146 1497 2215 praeteritorum
1519 2146 1689 2202 tristia
1709 2145 2054 2200 monimenta
2072 2182 2088 2207 ‚
2124 2142 2237 2199 hoc

181 2219 592 2280 lucCtuosissimo
604 2218 864 2295 exemplo
879 2235 1200 2288 contentuS,
1212 2222 1362 2299 quod
1383 2242 1472 2279 me
1489 2221 1553 2279 ad
1571 2235 1943 2299 paupertatem
1961 2224 2123 2281 duxit
2138 2237 2237 2298 per

183 2299 426 2358 eandem
458 2302 604 2357 viam
640 2319 750 2376 qua
773 2297 979 2376 reliqui
1010 2299 1167 2376 regni
1202 2300 1412 2357 nobiles
1426 2298 1490 2358 ad
1507 2302 1871 2360 certissimum
1889 2303 2126 2359 exitium
2145 2304 2235 2359 in·

188 2375 454 2437 consulto
469 2378 895 2454 praecipitantur.
953 2377 1111 2454 Qid
1129 2377 1274 2435 aliud
1294 2380 1570 2436 Retiarius
1584 2380 1648 2437 ad
1668 2380 2020 2455 Gephyrium
2044 2381 2236 2438 missus

190 2457 479 2535 legatione
496 2454 587 2513 sua
601 2457 829 2534 peregit,
848 2474 1017 2533 quam
1035 2470 1098 2514 ut
1112 2458 1359 2515 invicem
1380 2458 1707 2516 bellaremus
1723 2461 1742 2512 ?
1761 2459 1917 2526 Quid
1935 2459 2081 2515 aliud
2100 2460 2235 2515 Aci-

190 2538 366 2614 gnius
381 2553 516 2591 cum
536 2536 813 2609 Geryone,
832 2553 1002 2610 quam
1023 2551 1085 2593 ut
1101 2535 1419 2595 Eleutheria
1432 2537 1729 2614 gignendis
1748 2536 2059 2593 inimicitiis
2074 2554 2169 2611 per
2186 2532 2240 2593 se

193 2615 456 2670 nimium
476 2611 735 2669 foecunda
748 2614 950 2746 ignotae
965 2615 1223 2689 potentiae
1238 2614 1594 2673 subderetur?
1628 2614 1803 2672 Pudet
1833 2613 2036 2671 referre
2058 2614 2235 2672 avidi-

194 2705 379 2747 tatem
396 2691 634 2747 innocue
649 2710 756 2766 prae
793 2692 930 2749 antis
944 2729 961 2750 ‚
995 2693 1062 2750 ad
1095 2712 1266 2770 quam
1302 2693 1556 2751 nauseant
1584 2694 1749 2750 etiam
1786 2693 1844 2749 hi
1864 2695 1958 2770 qui
1981 2693 2238 2770 ignomi-

197 2770 365 2826 niam
384 2766 858 2845 consumpserunt.
917 2772 1040 2826 Hoc
1058 2810 1072 2835 ,
1102 2771 1474 2849 quodcunque
1506 2773 1580 2830 est
1601 2809 1617 2831 2
1650 2773 1912 2850 Acignius
1928 2771 2062 2829 fecit
2079 2799 2096 2841 3
2128 2770 2243 2829 five

193 2846 302 2905 ille
318 2848 640 2922 Geryonem
658 2847 724 2904 ad
742 2847 937 2904 odium
954 2865 1144 2907 vocare
1157 2849 1340 2909 voluit
1357 2891 1375 2916 ,
1408 2854 1464 2909 St
1498 2850 1840 2925 Liphippum
1873 2852 1937 2908 ad
1958 2870 2192 2929 regnum
2216 2870 2233 2908 ι

189 2925 313 2984 five
345 2925 491 2983 male
519 2924 751 3003 quaefitae
779 2926 1055 3002 potestatis
1086 2926 1264 2988 fautor
1282 2967 1298 2989 .
1336 2930 1529 2987 maluit
1560 2928 1969 2987 Eleutherianos
1988 2930 2233 3006 perdere.

182 3022 366 3083 quam
380 3002 600 3062 servare
651 3007 866 3062 Verum
889 3007 980 3064 est,
999 3023 1236 3081 aguntur
1254 3007 1397 3064 bella
1414 3009 1563 3066 istius
1578 3008 1744 3063 duEtu
1766 3046 1781 3066 ‚
1799 3016 1851 3069 &
1874 3011 2124 3065 nondum
2147 3023 2233 3065 ta·-

189 3103 336 3143 men
371 3083 602 3141 infamia
620 3083 830 3159 pessimi
853 3084 1053 3141 excidii
1070 3087 1220 3143 cessit
1238 3087 1295 3143 in
1329 3087 1633 3142 auftorem.
1691 3087 1790 3141 Per
1824 3087 1973 3141 hunc
2008 3089 2242 3159 Geryon.-

190 3175 395 3237 regnat
412 3189 430 3230 3
463 3182 560 3238 per
574 3163 726 3220 hunc
741 3164 1018 3236 Geryonis
1030 3177 1279 3237 parentes
1295 3162 1586 3240 affinesque
1602 3161 1952 3238 assequuntur
1966 3165 2238 3237 periculo-
2287 3200 2291 3213 ·

195 3257 337 3300 rum
354 3242 598 3313 praemia‚
613 3240 825 3297 etiamsi
844 3241 1103 3315 periculis
1118 3262 1230 3298 non
1247 3245 1516 3300 affuerint.
1554 3247 1626 3298 At
1645 3242 1844 3317 reliqui
1861 3243 2035 3318 magis
2055 3243 2239 3317 inopia

195 3334 382 3398 quam
400 3316 673 3376 laboribus
691 3317 880 3374 fessrin
897 3316 1094 3377 scelera
1110 3337 1309 3387 ruunt3
1354 3338 1600 3397 cumque
1636 3322 1853 3377 videant
1882 3320 2241 3380 interclusum
2279 3388 2284 3399 ·

193 3397 304 3458 fibi
325 3394 391 3451 ad
413 3395 645 3452 honores
660 3401 715 3453 &
729 3397 943 3452 divitias
957 3399 1063 3454 iter
1082 3439 1097 3462 ,
1128 3402 1254 3456 cred
1263 3416 1359 3456 unt
1381 3398 1763 3455 innocentibus
1777 3398 2070 3476 aliquando
2085 3400 2249 3459 licere

195 3489 475 3536 nocentes
493 3474 613 3531 effe.
650 3475 797 3530 Hinc
815 3471 1027 3540 seditio,
1041 3478 1234 3541 libido,
1249 3478 1469 3540 saevitia,
1484 3483 1539 3534 ὃς
1558 3477 1828 3554 quidquid
1845 3480 2042 3555 privati
2062 3479 2248 3539 homi·

199 3555 298 3614 nis
314 3570 530 3610 nomen
550 3551 708 3628 supra
725 3552 1026 3627 principem
1045 3556 1252 3614 elatum
1277 3557 1698 3612 contumacibus
1715 3559 1772 3611 in
1789 3557 2025 3631 gloriam
2047 3560 2249 3616 animis

207 3632 490 3691 immittit
506 3652 524 3693 3
555 3631 906 3706 impatientes
939 3630 1182 3712 obsequii
1220 3635 1313 3692 ubi
1341 3644 1481 3691 eum‘
1508 3635 1776 3707 imperare
1792 3635 1979 3691 videat
1992 3656 2162 3713 quem
2184 3638 2250 3696 ad

206 3709 508 3770 servitium
529 3713 584 3768 &
599 3708 831 3765 dedecus
849 3725 1035 3768 natura
1047 3728 1325 3791 genuerat.
1369 3712 1456 3769 Ab
1470 3730 1537 3768 eo
1554 3710 1710 3768 sonte
1724 3712 1800 3768 ira
1816 3719 1870 3773 ὃς
1886 3716 2101 3791 questus
2118 3755 2133 3778 ‚
2163 3719 2215 3772 &
2236 3755 2252 3778 ,

209 3792 520 3874 postquam
540 3807 659 3851 non
674 3786 992 3850 subvenitur
1011 3829 1027 3857 ‚
1053 3789 1283 3871 quisque
1309 3790 1410 3847 fibi
1437 3789 1746 3850 remedium
1766 3795 1962 3872 quaerit
1978 3790 2006 3851 a
2023 3792 2259 3851 licentia,

1294 3870 1357 3940 Q
1384 3888 1423 3948 q
1626 3891 1631 3896 ⁴
2015 3871 2078 3934 ad
2096 3884 2286 3949 quam„
