2738 4475
846 265 910 333 Ρ
1016 287 1066 336 Α
1166 288 1222 337 n
1325 289 1358 339 s
1456 268 1491 336 I
1513 266 1605 336 V.
2104 274 2250 350 417

197 397 281 446 na
322 395 433 471 per
472 369 865 444 adulantium
899 368 1062 442 astus
1094 373 1355 444 inventa
1374 372 1452 443 ad
1471 367 1816 442 discrimen
1834 364 2246 466 dignitatum,

203 497 280 542 an
290 475 391 543 xie
416 472 708 544 ambiunt
727 493 797 539 ac
818 491 1093 544 tuentur.
1115 467 1118 471 “
1160 474 1400 570 Neque
1434 470 1556 539 ulla
1576 492 1642 538 re
1662 467 1863 567 magis
1885 464 2006 537 tibi
2021 489 2243 537 eorum

189 576 441 644 animos
480 570 925 644 conciliaveris
941 627 961 655 ,
1000 598 1192 669 quam
1230 567 1377 642 cum
1417 588 1550 638 arte
1583 574 1649 640 δι
1679 566 1926 638 honore
1947 565 2246 662 compel-

186 670 406 742 lando.
463 669 949 741 Blandientibus
966 666 1184 741 faciles
1204 717 1228 753 ,
1250 669 1540 769 largique
1561 666 1903 743 honorum,
1931 663 2084 737 dum
2103 689 2244 736 ma-

187 769 365 862 jores
386 772 755 867 expediant.
806 776 908 840 lta
941 769 1186 840 callidae
1217 768 1598 841 laudationis
1615 762 1894 838 fraudem
1914 789 2060 838 vera
2086 760 2238 835 fim-

192 869 486 966 plicique
502 870 697 967 gratia
720 892 1202 940 remunerantur
1219 916 1240 949 ,
1278 866 1390 939 nisi
1423 863 1593 965 quod
1631 865 1918 937 inanibus
1939 862 2133 935 causis
2156 863 2237 935 ad

193 965 536 1038 amandum
553 970 912 1038 concitatos
934 963 1012 1037 sae
1022 992 1097 1064 pe
1114 967 1288 1038 idem
1305 969 1584 1064 impetus
1605 983 1810 1038 mutat
1831 1010 1852 1044 ‚
1874 990 2032 1034 vana
2050 959 2235 1034 forli-

197 1083 311 1232 ἔξω
330 1062 670 1165 suspicione
684 1086 1095 1164 contemptus
1119 1114 1140 1149 ,
1180 1065 1369 1169 usque
1404 1064 1483 1137 ad
1518 1064 1740 1135 odium
1776 1089 2030 1163 quoque
2050 1087 2231 1136 aver-

227 1186 322 1234 os.

296 1265 544 1364 Vulgus
565 1267 632 1338 in
655 1266 781 1338 illis
803 1267 1123 1367 utrimque
1140 1265 1503 1343 Provinciis
1522 1261 1560 1334 s
1551 1264 1800 1363 peciem
1823 1263 2133 1336 libertatis
2158 1269 2231 1336 δε

182 1386 344 1436 vana
380 1366 669 1464 paritatis
706 1367 944 1437 indicia
980 1374 1123 1463 plus
1155 1363 1288 1464 ipsa
1316 1362 1918 1437 libertateaestimata
1969 1367 2057 1437 Et
2074 1362 2231 1434 hinc

178 1484 347 1534 artes
365 1508 391 1544 ‚
432 1463 663 1562 quibus
703 1461 889 1534 facile
919 1468 1065 1561 capi
1104 1464 1295 1560 poffit
1320 1472 1339 1534 Ξ
1401 1467 1558 1535 Non
1591 1463 1918 1562 dedignari
1956 1462 2227 1535 rusticos

174 1559 368 1652 jocos
385 1610 411 1644 ,
444 1582 559 1654 per
594 1560 770 1630 viam
786 1583 1060 1631 annuere
1076 1557 1559 1632 comeffantibus
1588 1588 1614 1652 3
1660 1570 1724 1634 δι
1749 1608 1770 1642 ,
1789 1588 1934 1634 cum
1956 1564 2228 1634 multum

184 1659 483 1727 emineas
502 1703 527 1739 ,
542 1655 693 1753 iplis
710 1676 927 1727 tamen
944 1705 969 1742 ‚
990 1657 1151 1729 nihil
1172 1655 1492 1731 auferente
1509 1684 1629 1731 nec
1650 1663 1921 1732 multum
1940 1660 2230 1734 duratura
2262 1727 2266 1732 .

182 1752 554 1824 humilitate
576 1800 601 1837 ,
636 1752 910 1844 misceri,
1002 1759 1393 1831 Guilielmus
1432 1760 1780 1840 Auriacus,
1839 1757 2231 1834 summorum

182 1849 606 1924 consiliorum
632 1852 766 1933 vir,
800 1855 941 1950 plus
963 1854 1083 1945 hac
1098 1877 1234 1929 arte
1251 1882 1440 1956 quam
1457 1861 1585 1929 ulla
1614 1860 1751 1929 acie
1777 1856 2050 1929 ibericas
2069 1884 2231 1956 opes

172 1950 432 2023 afflixit.
475 1949 787 2049 Agrestes
813 1958 1198 2040 Batavorum
1219 1959 1516 2070 pleraque
1532 1957 1768 2055 oppida
1783 1957 1866 2027 ad
1887 1961 2232 2030 Oceanum

167 2047 587 2136 incolebant3
641 2048 807 2123 haud
857 2050 1049 2125 dubie
1097 2052 1464 2126 deficientis
1533 2055 1612 2125 ab
1663 2053 1806 2128 His
1836 2081 1959 2126 ano
2003 2057 2229 2154 ¹Belgii

172 2144 492 2220 summum
531 2147 764 2236 robur,
820 2156 890 2224 δι
941 2149 1265 2253 utriusque
1286 2154 1455 2224 Solis
1491 2152 1749 2225 divitias
1785 2083 2221 2255 fitigaturum:

170 2273 331 2321 nam
349 2248 526 2321 urbes
546 2272 763 2322 natura
782 2248 1023 2351 situque
1040 2240 1392 2349 impeditae‚
1415 2278 1546 2324 non
1563 2253 1836 2351 operoso
1852 2257 2224 2327 munimen-

163 2371 246 2421 to
354 2369 559 2420 terant
580 2351 658 2421 ad
677 2351 1172 2451 inexpugnabile
1190 2352 1381 2424 robur
1400 2351 1608 2423 educi.
1646 2355 1778 2428 Sub
1799 2356 2004 2451 prima
2021 2355 2220 2453 igitur

159 2373 553 2521 ᾶεὲξοᾶἰοῐιίε
571 2449 778 2530 initia,
797 2452 1191 2537 Guilielmus
1209 2454 1647 2557 popularitatis
1665 2456 1949 2524 novitate
1967 2458 2221 2525 animos

158 2549 466 2619 omnium
484 2550 551 2617 in
569 2542 632 2617 se
649 2551 1010 2634 convertit,
1046 2572 1414 2647 reputantes
1454 2573 1696 2650 quanto
1714 2551 1967 2621 meliori
1988 2550 2219 2620 condi-

160 2647 357 2718 tione
375 2668 569 2744 quam
586 2642 697 2716 sub
716 2643 853 2743 ipso
870 2650 1063 2747 Rege
1080 2651 1397 2731 viverent,
1418 2646 1527 2719 sub
1547 2646 1831 2746 auspiciis
1852 2648 2031 2720 ducis
2051 2696 2076 2732 ,
2101 2646 2219 2720 fibi

156 2740 373 2817 fasces
393 2743 819 2841 &imperium
838 2743 1157 2819 debentis.
1225 2750 1490 2846 Quippe
1509 2746 1587 2819 ab
1609 2769 1813 2820 aratro
1831 2770 1937 2819 aut
1957 2748 2219 2847 navigio

158 2844 444 2925 inculti,
485 2840 745 2915 adibant
759 2868 878 2916 nec
902 2846 1235 2939 majestate
1254 2871 1374 2919 nec
1397 2845 1695 2921 satellitio
1712 2873 1998 2947 gravem.
2068 2844 2219 2944 lpse

158 2941 468 3018 alriffima
487 2943 841 3016 calliditate
858 2944 1176 3045 gaudebat
1191 2997 1216 3034 ,
1252 2973 1385 3019 non
1407 2944 1469 3019 se
1498 2973 1607 3045 per
1624 2946 1933 3020 invidiosa
1949 2951 2215 3019 nomina

155 3044 243 3116 ab
260 3045 477 3118 obviis
494 3042 897 3144 objectisque
917 3094 941 3130 ,
977 3040 1082 3117 sed
1109 3054 1175 3121 δι’
1194 3048 1616 3120 Guilielmum
1642 3049 1962 3119 interdum
1981 3046 2213 3212 fappel--

162 3144 332 3235 lari3
384 3141 735 3244 gnarusque
764 3169 896 3244 quo
936 3144 1335 3244 potiffimum
1358 3146 1557 3219 modo
1575 3143 1693 3217 suae
1711 3146 1923 3242 gentis
1943 3168 1998 3256 a·
2031 3144 2212 3312 estiis

1360 3255 1372 3267 “
1980 3265 2070 3311 tm
2120 3265 2155 3311 e
2186 3284 2221 3298 -

165 3340 447 3397 adfaeinus.
497 3344 790 3395 Potentioret
806 3340 1046 3413 splendide
1063 3380 1078 3404 ,
1117 3348 1166 3397 δι
1229 3349 1428 3394 Batavos
1491 3341 1716 3392 lurimum
1749 3339 1964 3390 deleam-i
2016 3266 2216 3392 Gigliel.

166 3408 848 3482 magnificeepulantursscque
863 3411 974 3466 vere
989 3416 1169 3483 magni·
1226 3428 1330 3463 mus
1364 3415 1434 3462 Na
1471 3412 1606 3461 evius
1639 3409 1954 3467 intellizeret,
1997 3423 2098 3459 non
2127 3426 2212 3462 eos

168 3482 290 3532 ficos
306 3478 567 3529 ostentant.
606 3480 785 3531 Nitidas
802 3517 819 3541 ,
840 3479 1080 3539 abstersas,
1099 3498 1172 3531 or·
1226 3495 1412 3530 tautum
1429 3473 1705 3530 admittebat
1722 3478 1771 3526 in
1788 3474 2052 3527 societatem
2082 3475 2213 3531 suam

165 3563 306 3601 natas
323 3546 502 3597 habent
517 3547 708 3606 domos,
732 3552 783 3599 δι
798 3550 855 3601 ab
870 3552 1009 3601 omni
1026 3549 1173 3616 supel-
1229 3550 1278 3598 δι
1292 3544 1526 3598 familiare
1536 3546 1828 3609 colloquium
1851 3567 1865 3603 ς
1893 3561 2053 3595 verum
2068 3549 2213 3598 etiam

163 3615 408 3671 leckilefic
424 3615 664 3666 instrustas
688 3652 705 3674 ,
733 3618 918 3670 nihilut
937 3616 1174 3669 desiderari
1229 3617 1375 3667 vilem
1391 3613 1435 3665 se
1450 3649 1465 3673 ,
1500 3616 1551 3663 δι
1581 3612 1706 3682 quasi
1721 3629 1866 3663 unum
1883 3613 1941 3663 de
1951 3613 2211 3682 plebeapud

165 3684 331 3755 possit.
372 3681 581 3736 Minime
596 3699 756 3738 tamen
774 3687 1028 3738 inferiores
1048 3682 1075 3733 a
1088 3702 1175 3752 po·-
1229 3684 1338 3734 illos
1353 3681 1552 3733 habebat
1569 3718 1584 3740 ,
1615 3682 1729 3748 quin
1758 3683 1807 3731 δε
1825 3682 2062 3749 popularia
2075 3683 2214 3735 verba

166 3751 461 3805 tenatioribus
475 3750 789 3823 despiciuntur
811 3789 828 3814 .
860 3758 960 3807 imo
973 3753 1180 3803 familia·
1230 3752 1484 3801 conabatur
1495 3752 1646 3801 homo
1660 3749 1850 3801 callidus
1866 3784 1882 3808 ,
1901 3752 1950 3801 δι
1966 3751 2055 3802 alia
2073 3751 2119 3801 id
2133 3767 2216 3822 gog
2281 3819 2290 3829 ι

165 3834 234 3874 ter
247 3837 426 3879 omues
443 3824 779 3897 colloquuumt
799 3843 814 3876 z
831 3824 991 3892 quain
1007 3837 1053 3873 re
1069 3836 1176 3873 cum
1236 3834 1323 3872 nus
1342 3818 1638 3873 moliebatur.
1715 3889 1763 3936 D
1775 3883 1809 3939 d
2125 3890 2150 3943 ι

1563 3910 1570 3919 ·
1905 3926 1911 3933 ,
2070 3899 2094 3936 1
2151 3898 2222 3935 Μ·
