2738 4475
951 169 1159 285 Pia
1263 232 1324 283 R
1426 236 1460 281 s
1579 214 1749 283 ΙΙΙ.
2206 228 2370 307 315

314 357 612 413 revocata
626 333 1094 407 beneficiorum
1116 332 1432 404 memoria
1447 377 1471 411 ‚
1506 334 1577 404 in
1595 331 2005 430 Capitolium
2029 330 2219 431 usque
2234 361 2381 432 per-

315 441 518 511 duxit.
580 441 762 510 Tam
811 433 1215 508 memorabili
1252 435 1560 529 exemplo
1592 451 1771 502 meus
1805 432 1970 504 liber
2006 432 2091 505 de
2121 458 2375 508 reorum

201 605 228 634 χ
313 542 582 638 pulvere
619 533 993 636 digniffimo
1008 557 1266 605 tumore
1282 527 1667 631 consurgens
1687 580 1710 617 ‚
1741 542 1806 606 &
1830 530 2221 605 summarum
2242 557 2380 605 cre-

323 639 495 709 ditor
510 635 761 707 laudum
780 634 1215 732 perambulare
1228 629 1521 729 potuiss'et
1532 634 1902 732 Protagonis
1912 654 2129 705 totum
2147 633 2379 715 limen,

331 738 543 808 donec
565 739 840 832 praemiis
857 727 1176 810 absolutus
1196 731 1423 804 abiret.
1450 734 1733 805 Primum
1752 735 1927 805 enim
1949 759 2088 805 non
2112 735 2377 832 imparis

335 836 652 935 dignitate
671 834 951 934 personat
971 881 992 914 ,
1017 855 1267 904 tantum
1287 857 1527 903 nomen
1549 830 2184 930 magnificentiffime
2220 859 2383 932 ope-

335 940 455 1007 rui.
496 938 667 1007 Nam
690 934 847 1034 quid
867 934 1034 1005 aliud
1056 929 1441 1031 Protagonis
1465 944 1839 1031 cognomen
1857 959 2052 1030 quarn
2069 936 2373 1005 militaris

333 1032 613 1107 scientiae
639 1032 1030 1107 veriffimam
1051 1027 1516 1105 confeffionem
1540 1029 1894 1129 expressit?
1928 1034 2079 1106 Nec
2118 1034 2381 1133 pensata

315 1156 429 1211 ¹tot
451 1135 850 1234 principum,
863 1155 964 1205 tot
983 1129 1333 1205 seculorum
1353 1131 1540 1202 laude
1562 1186 1581 1212 ,
1619 1134 1804 1203 illum
1820 1134 2033 1210 omnis
2058 1136 2386 1207 memoriae

327 1236 609 1332 primurn
631 1259 702 1306 ac
726 1259 908 1332 paene
925 1231 1127 1306 solum
1149 1234 1383 1304 ducem
1406 1277 1428 1311 ,
1468 1229 1778 1321 injustum
1805 1234 2031 1329 gloriae
2052 1231 2381 1333 fastigium

317 1331 703 1422 afferebam.
739 1336 1007 1431 Nempe
1028 1359 1107 1405 ex
1125 1332 1254 1403 hoc
1271 1330 1564 1400 convitio
1586 1355 1830 1403 caeterae
1851 1339 1912 1404 δι
1938 1332 2045 1404 sub
2062 1333 2380 1425 judicibus

237 1522 241 1527 .
274 1435 284 1450 *
323 1435 466 1504 litis
486 1489 507 1515 ‚
564 1428 700 1528 ipsa
731 1431 1123 1501 innocentiae
1160 1455 1320 1502 meae
1355 1429 1551 1499 verba
1567 1430 1644 1501 ad
1668 1430 2120 1504 testamentum
2141 1433 2379 1505 citabo·

321 1535 538 1603 Nunc
557 1530 753 1625 igitur
771 1526 863 1597 est
880 1528 948 1597 in
971 1527 1457 1625 Euphorrnione
1476 1534 1929 1628 ProtagonzVir
1946 1532 2237 1627 bocftculo
2254 1557 2390 1603 ma-

329 1625 459 1722 jor,
482 1628 557 1702 ἀ·
577 1629 778 1721 dignus
781 1626 1182 1718 fabulantium
1198 1630 1488 1698 miraculis
1506 1649 1737 1701 vatum:
1758 1629 1862 1700 hic
1878 1632 2209 1710 alimmum
2228 1635 2298 1701 de
2318 1658 2386 1704 ιο

337 1730 597 1797 mortale
602 1726 1064 1821 praedicabam&
1083 1725 1512 1798 solertiffimus
1537 1723 1728 1798 senex
1752 1730 1967 1799 muitis
1992 1732 2058 1799 in
2075 1754 2217 1800 eum
2236 1757 2387 1826 prq-

337 1825 549 1896 coniis
566 1823 772 1896 effusis
790 1827 860 1896 in
875 1824 1012 1897 haec
1032 1826 1220 1899 verba
1242 1825 1500 1898 desistit:
1516 1831 1706 1900 Nulla
1714 1829 1913 1923 secula
1940 1832 2383 1924 Protagonisge-

325 1928 500 1999 nium
537 1946 859 2018 aquarum.
915 1928 1040 2010 Et,
1067 1938 1197 1997 Nec
1212 1950 1564 2020 quemquam
1565 1929 1909 2024 similiorem
1933 1929 2277 2000 Numinibus
2297 1930 2377 1999 ad

327 2051 433 2100 nos
456 2022 601 2118 fata
632 2024 1096 2125 transmiftrunt.
1157 2029 1310 2096 Nec
1333 2030 1546 2097 minor
1561 2029 1788 2097 eximii
1808 2029 1924 2098 viri
1942 2031 2143 2098 cultus
2168 2049 2378 2098 totum

330 2127 568 2223 ubique
598 2128 934 2221 Satyricon
952 2126 1231 2198 adoratae
1254 2123 1563 2216 majestati
1588 2125 1946 2197 substernit.
2005 2126 2209 2216 Qod
2232 2127 2273 2198 fi
2296 2126 2378 2197 de

338 2226 500 2319 jocis
531 2224 800 2325 publicis
818 2249 999 2298 meus
1021 2223 1255 2296 deinde
1272 2224 1434 2296 liber
1449 2227 1651 2298 crevit
1670 2282 1689 2311 ,
1726 2225 1769 2295 fi
1795 2253 1938 2299 cum
1958 2229 2202 2326 populo
2219 2224 2258 2297 s
2248 2230 2378 2298 cire

336 2321 510 2396 ausus
549 2324 682 2396 sum
702 2371 726 2405 ‚
756 2347 878 2396 nec
909 2325 1239 2397 acerbiore
1254 2322 1376 2395 risu
1396 2350 1586 2424 quam
1605 2351 1736 2427 quo
1753 2329 2187 2426 Protagonem
2204 2327 2385 2397 dele-

340 2426 585 2495 starem
600 2429 618 2460 ¹
641 2424 980 2496 inclamare
997 2423 1363 2508 Thalaffi0‚
1379 2422 1695 2523 ignoscite
1715 2482 1734 2508 ,
1755 2426 2117 2522 quaesitores
2142 2456 2165 2516 3
2192 2424 2388 2493 boni-‘-

343 2541 480 2593 tate
494 2523 881 2617 Protagonis
904 2531 968 2594 δε
991 2522 1501 2595 vestralibertate
1518 2523 1652 2594 sum
1677 2524 2004 2621 deceptus.
2064 2522 2191 2594 Sed
2209 2523 2396 2594 vide-

354 2641 425 2691 te
442 2669 467 2706 ,
502 2643 582 2691 ne
608 2622 850 2713 majore
869 2620 1121 2716 piaculo
1139 2624 1327 2694 nimis
1343 2621 1700 2697 officiosam
1719 2622 2121 2722 diligentiam
2145 2622 2393 2720 pollua-

354 2720 469 2802 tis„
485 2718 638 2791 dum
657 2717 774 2787 bos
794 2717 981 2789 ludos
994 2721 1440 2819 intempestiva
1459 2719 1757 2796 severitas
1759 2723 2027 2827 „filentio
2047 2721 2389 2795 damnatos

354 2819 610 2895 videtur
624 2814 844 2890 nescio
861 2844 985 2918 qua
1005 2819 1257 2893 censura
1276 2820 1604 2896 notavisse.

432 2922 506 2994 Si
527 2944 681 2994 vero
698 2918 779 2990 de
797 2923 1095 2994 Fortunae
1112 2920 1431 3021 descripto
1445 2925 1719 3023 imperio
1738 2944 2301 3023 queruntur‚quam
2328 2922 2399 2991 in

347 3018 487 3120 ipso
502 3018 891 3093 Eleutheriae
909 3022 1183 3119 templo,
1203 3020 1337 3121 ipsa
1351 3048 1482 3107 ara,
1499 3021 1886 3098 sanetiffimo
1907 3024 2155 3093 honore
2172 3022 2398 3116 appel-
2425 3083 2429 3087 ,

355 3119 557 3203 lavi,s1
573 3115 982 3217 aspernantur
995 3122 1173 3194 illam
1191 3122 1478 3212 dearm&
1499 3148 1605 3195 me
1626 3121 1792 3220 quasi
1814 3121 2062 3190 suorum
2081 3117 2401 3190 sacrorum
2448 3124 2453 3129 ’

347 3223 370 3293 i
423 3244 638 3289 narum
654 3220 965 3301 incusant,
985 3244 1158 3293 certe
1172 3223 1398 3321 legum
1416 3219 1660 3293 suarum
1679 3221 2056 3292 videbuntur
2077 3214 2400 3299 oblivisci,

348 3247 465 3395 1ξά
503 3325 570 3391 &
610 3343 868 3417 parvam
901 3322 1174 3418 gratiam
1213 3320 1450 3393 habete
1466 3321 1565 3393 illi
1583 3319 1865 3393 Numini
1895 3367 1917 3404 ,
1960 3340 2071 3415 per
2089 3316 2265 3417 quod
2284 3320 2402 3416 ipsi

2183 3441 2409 3489 treve·

425 3535 450 3570 r
491 3521 726 3570 lmlaenme
738 3519 995 3586 mmmm]
1018 3519 1178 3573 Fausta
1191 3519 1349 3572 voxin
1410 3535 1517 3571 cum
1532 3517 1684 3570 faustae
1698 3516 1871 3567 fuerint
1887 3551 1902 3574 ,
1942 3516 2046 3568 ideo
2072 3518 2268 3568 invaluit
2296 3532 2412 3570 mos

346 3588 545 3655 nuptiis.
563 3593 680 3639 orta
690 3586 986 3642 consuetudo
999 3606 1053 3640 ex
1070 3604 1208 3656 raptu
1219 3584 1352 3639 Sabi·
1413 3592 1531 3640 utin
1548 3590 1725 3655 nuptiis
1747 3592 2071 3637 Romanorum
2106 3586 2306 3656 Thalassio
2332 3591 2405 3636 in-

343 3671 516 3707 natum
532 3690 547 3713 ‚
579 3672 686 3709 mm
702 3659 837 3709 enim
851 3673 1011 3710 unaex
1025 3658 1209 3707 Sabinis
1224 3673 1352 3722 rape·
1411 3659 1689 3708 clamaretur
1702 3688 1722 3713 ‚
1737 3653 1853 3705 ficut
1869 3656 1993 3723 apud
2007 3661 2189 3709 Graecos
2209 3691 2225 3715 ‚
2255 3659 2295 3704 ο
2310 3664 2408 3718 HJ·-

339 3740 474 3776 tetur
487 3758 507 3786 ,
537 3726 849 3793 quoerentibus
867 3724 1140 3793 responsum
1151 3725 1217 3775 est
1236 3725 1354 3775 Duci
1416 3747 1511 3781 men
1526 3734 1565 3777 Θ
1580 3733 1826 3793 Hymenae-

340 3792 578 3850 Thalaffio
595 3794 840 3858 reservati,
859 3810 959 3863 qux
975 3793 1174 3864 quidem
1186 3795 1355 3862 nuptia

2240 3866 2272 3901 ⁴1
2312 3858 2417 3902 Cum
