2738 4475
490 218 623 299 ηπ
918 201 1981 283 Erimon-esurum

474 343 621 396 runt
644 369 667 403 ‚
718 344 823 397 aut
847 322 1015 399 ‘facis
1052 330 1231 401 illitae
1265 325 1513 415 fumus,
1552 351 1659 402 aut
1700 350 1998 426 corrupta
2020 322 2196 400 floris
2213 325 2504 414 suavitas,

376 473 383 485 .
475 447 583 494 aut
617 420 822 496 fatalis
847 430 1095 498 ‘cultelli
1129 430 1296 499 acies
1318 475 1339 510 ‚
1377 428 1484 528 q'ui
1517 430 1746 517 eodem
1778 451 2072 524 tempore
2108 427 2499 498 &intactam
2536 476 2540 481 -

477 524 692 593 liberis
712 522 942 618 dapem
962 524 1216 599 diflhcat
1242 582 1259 611 ‚
1290 537 1353 600 δι
1379 526 1724 600 adversario
1738 549 2039 600 mortem.
2095 527 2341 597 AEterna
2359 522 2517 595 sunt.

467 619 668 691 'semel
693 622 846 695 laesae
869 616 1106 717 mentis
1127 624 1382 711 vulnera
1403 657 1423 714 3
1464 635 1530 698 &
1555 628 1759 722 plures
1786 625 2224 697 reconciliatio
2241 672 2265 705 ‚
2310 648 2501 721 quam

476 716 816 825 professum
852 722 1072 794 odium
1109 704 1408 798 {xtinxin
1444 730 1626 798 Haec
1656 723 1790 822 ipsa
1816 750 2004 823 quam
2027 723 2226 794 modo
2244 722 2505 821 reliqui-

474 845 623 919 mus
638 820 863 909 civitas
882 877 899 903 ‚
941 824 1123 919 quale
1147 821 1395 897 saevitiae
1413 849 1609 922 nuper
1630 822 1989 921 exemplum
2013 822 2297 920 prodidit
2313 877 2335 906 ,
2358 846 2513 892 cum-

476 916 734 988 illustris·
757 914 1052 1005 firmilia,
1087 919 1338 1011 sublatis
1363 922 1561 994 tribus
1585 918 1870 995 fratribus
1889 980 1910 1008 ,
1951 919 2288 994 miserabili
2326 921 2502 991 ruina

469 1013 789 1087 -deceffit?
849 1023 941 1092 At
978 1044 1107 1118 ego
1143 1019 1705 1120 dumflagitiorum
1727 1018 2140 1120 frequentiam
2163 1044 2335 1119 nego
2351 1016 2514 1091 mibi

375 1136 378 1141 ⁸
477 1115 819 1212 quicquam
860 1143 938 1187 ex
977 1118 1227 1215 stupore
1245 1118 1584 1191 subducere
1603 1166 1625 1200 ‚
1671 1121 1861 1192 video
1880 1118 2156 1220 agrestes
2167 1120 2408 1216 aliquot
2420 1114 2510 1197 ,ad

478 1213 941 1311 angustiffimas
977 1213 1163 1312 sylvae
1206 1214 1417 1291 fauces
1436 1265 1459 1298 ,
1509 1220 1707 1290 veluti
1741 1220 1818 1292 ad
1851 1219 2216 1297 confilium,
2269 1211 2510 1287 coiisse.

477 1316 658 1383 Inter
673 1313 820 1384 illos
842 1315 1151 1415 viragines
1173 1317 1309 1390 duae
1324 1320 1596 1390 lacertos
1612 1319 1967 1389 extulerant
1986 1363 2009 1400 ‚
2045 1322 2111 1388 &
2132 1308 2509 1387 videbantur

477 1409 557 1482 ad
578 1436 854 1512 pugnam
876 1415 1251 1512 promittere
1271 1432 1515 1490 manusi
1562 1421 1714 1490 Nec
1731 1415 2043 1507 dubitavit
2063 1418 2122 1484 C
2129 1412 2272 1487 aesar
2291 1461 2316 1497 ‚
2348 1413 2507 1512 quin

287 1561 289 1565 ν
393 1594 396 1595 7
477 1509 801 1583 latronum
832 1513 1070 1586 infidiae
1109 1515 1177 1587 in
1213 1517 1324 1589 illa
1357 1516 1527 1608 sylva
1564 1513 1930 1618 frequentes
1946 1517 2120 1587 illam
2141 1512 2514 1614 pavidorum

482 1635 743 1683 manum
775 1634 1084 1712 cogerent
1106 1662 1129 1696 ‚
1162 1618 1274 1715 qui
1310 1639 1461 1690 tunc
1479 1617 1756 1690 adventu
1780 1616 2003 1688 nostro
2021 1614 2520 1710 recreatisque·

482 1710 656 1781 niam
694 1712 966 1784 acei'nffl
996 1709 1166 1787 ferro
1198 1742 1485 1802 eramus,
1537 1742 1661 1787 una
1694 1714 1934 1814 sylvam
1954 1711 2352 1794 transmissuri
2373 1736 2520 1809 pro-

486 1831 789 1908 rumpunt
812 1859 835 1893 ‚
889 1810 1383 1912 Caesaremque‚
1415 1837 1642 1912 utpote
1671 1817 1985 1913 gentilem
2008 1812 2337 1883 hominem
2358 1857 2382 1892 ‚
2418 1815 2519 1890 δι,

484 1930 554 1980 ut
595 1910 803 1999 ajebat
820 1957 843 1992 ,
886 1938 1105 1983 eorum
1144 1909 1594 1987 fortiffimum·‚
1646 1913 1756 2008 qui
1773 1934 1974 2006 nuper
1992 1934 2068 1979 ex
2087 1908 2212 1977 illis
2235 1906 2518 2072 τεὶἰοηὶ·

485 2004 600 2075 bus
621 2010 865 2080 Gallias
882 2006 1268 2079 infestassent
1287 2053 1310 2085 ‚
1350 2008 1467 2078 fibi
1483 2008 1710 2076 ducem
1728 2002 1964 2076 faciunt
1982 2049 2005 2088 ‚
2054 2000 2219 2075 haud
2236 2003 2316 2074 du
2364 2003 2424 2072 ie
2443 2003 2516 2073 in

480 2106 702 2172 omnia
743 2105 1015 2201 pericula
1056 2103 1317 2175 audaces
1334 2148 1357 2182 ‚
1400 2104 1442 2174 fi
1461 2103 1600 2200 quis
1619 2099 1775 2174 effet
1794 2105 1906 2200 qui
1926 2102 2034 2172 suo
2049 2101 2352 2199 exemplo
2373 2097 2513 2171 fot·

477 2198 772 2270 titudinis
811 2199 1201 2271 admoneret.
1282 2206 1458 2276 Cum
1494 2201 1692 2299 igitur
1727 2225 2104 2301 poneremus
2142 2199 2510 2289 confilium,

475 2322 632 2369 num
650 2297 956 2394 quadrato
973 2300 1233 2398 agmine
1250 2296 1719 2374 famoliffimam
1739 2304 1905 2375 viam
1926 2302 2089 2372 inire
2111 2344 2135 2381 ,
2185 2324 2338 2372 num
2362 2325 2511 2385 una,

479 2422 635 2469 num
669 2397 929 2474 diversis
948 2397 1317 2480 cohortibus
1340 2397 1660 2498 praestaret
1679 2427 1701 2471 t
1750 2424 1904 2472 ecce
1924 2400 2043 2471 tibi
2059 2401 2335 2471 occurrit
2354 2400 2522 2469 alio-

479 2521 621 2569 rum
656 2496 994 2569 hominum
1015 2523 1245 2597 agmen
1266 2544 1290 2579 ‚
1327 2507 1393 2571 δε
1414 2501 1578 2582 irato
1594 2494 1849 2570 fremitu
1870 2499 1958 2570 ita
1978 2500 2320 2570 militatem
2340 2489 2515 2586 viam

481 2596 718 2694 implet
744 2650 767 2682 ,
811 2618 880 2666 ut
914 2597 1379 2668 circumstantis
1398 2594 1583 2695 sylvae
1603 2593 1906 2697 confraga
1927 2598 2200 2670 tumultu
2217 2593 2520 2668 formida·

483 2696 601 2765 bili
620 2694 1021 2768 exsonarent.
1074 2697 1265 2768 Nulli
1287 2697 1573 2793 praelium
1594 2699 1803 2768 minus
1822 2722 2012 2794 quam
2038 2692 2275 2769 Caesari
2302 2696 2518 2792 place-

481 2792 617 2864 bat.
644 2818 834 2892 quem
854 2817 983 2892 ego
998 2815 1067 2863 ut
1083 2793 1481 2866 timidiffima
1498 2792 1713 2868 fronte
1731 2796 1862 2868 vidi
1887 2791 2052 2892 pens
2042 2818 2145 2866 are
2163 2793 2514 2891 digitorum

483 2893 735 2965 suorum
771 2893 1122 2977 articulos,
1165 2916 1536 2992 metumque
1571 2891 2172 2991 pallorelconfiterb
2216 2891 2518 2978 vicimus,

484 2994 789 3092 inquam,
824 2987 1074 3072 caesar,
1115 2989 1160 3061 fi
1197 2991 1499 3064 audemus
1538 3019 1673 3065 non
1707 2989 1944 3092 fugere.
2001 2998 2313 3061 Latrones
2351 2985 2520 3075 sunt,

486 3101 558 3166 δι’
581 3091 627 3163 si
649 3088 808 3161 mibi
827 3090 1055 3169 credis,
1080 3091 1215 3187 plus
1234 3092 1453 3161 timori
1475 3090 1694 3162 nostro
1713 3115 1901 3188 quam
1921 3086 2042 3159 suae
2061 3090 2282 3160 virtuti
2301 3089 2529 3170 nitun-‚

489 3214 612 3262 tur.
669 3193 832 3262 Non
854 3188 1124 3289 negabat
1144 3188 1358 3261 Caesar
1378 3215 1521 3260 vera
1537 3187 1660 3261 esse
1678 3245 1699 3274 ‚
1745 3215 1883 3286 qua·
1920 3187 2200 3259 dicerem
2225 3220 2251 3281 3
2298 3211 2514 3262 tamen

485 3285 946 3360 consulendum
975 3288 1186 3370 liberis
1207 3289 1516 3360 clamabat
1539 3334 1561 3370 ,
1599 3298 1666 3360 δι
1690 3289 2183 3385 propinquorum
2205 3289 2407 3384 pietas
2424 3309 2520 3359 te-

443 3385 835 3460 metrimam
873 3384 1231 3484 perfuderat
1270 3409 1582 3460 mentem.
1622 3388 1771 3488 Jam
1813 3382 2064 3484 dispersi
2086 3383 2303 3457 hostes
2320 3410 2513 3457 occu-

491 3504 794 3580 paverant
814 3486 979 3558 viam
1002 3532 1024 3566 ‚
1065 3487 1195 3579 jam
1212 3483 1649 3576 distrinxerant
1672 3481 1943 3565 serrum,
1978 3506 2082 3556 aut
2118 3484 2408 3583 praeustas
2442 3485 2511 3557 in

491 3583 828 3654 humerum
859 3587 1212 3657 extulerant
1247 3582 1423 3658 sudes
1440 3615 1489 3666 ‚g
1515 3611 1661 3656 cum
1684 3586 1960 3672 repetito
1975 3585 2251 3656 clamore
2267 3585 2514 3655 incitati

490 3683 952 3783 procurrimus.‘
993 3690 1140 3784 Ego
1156 3684 1541 3785 digladiabar
1557 3680 1912 3759 acutiffimo
1926 3679 2108 3758 fuste.
2158 3683 2381 3760 Paucis
2417 3708 2523 3754 ru-

1023 3833 1029 3839 ·
2215 3781 2512 3855 sticarum
