2738 4475
913 194 1498 266 «ΡΑκς
1621 195 1737 269 11.
2178 199 2318 286 ἰη’

239 322 465 399 animo
502 318 823 422 rependet
845 369 868 402 ‚
911 317 1347 393 eruditionem
1386 320 1944 418 cumilloimpetu
1960 318 2323 423 vestigata,

239 426 374 499 fine
414 449 559 525 quo
591 422 754 495 nihil
778 416 1057 493 addisces
1079 416 1530 520 ingeniosum,
1568 440 1674 490 aut
1695 421 2017 495 vittarum
2045 422 2329 498 conscri-

231 526 384 598 bes-

338 626 674 697 Praeterea
713 645 856 692 cum
893 617 1253 691 reverentia
1270 615 1347 690 fit
1364 618 1613 691 alumna
1631 617 1995 695 divitiarum
2016 671 2039 709 ,
2081 627 2148 696 a&
2169 648 2208 696 e
2254 647 2331 697 e·-

239 721 376 796 stas
430 742 694 794 contem
742 721 924 792 tione
940 718 1319 802 damnetur,
1360 717 1548 790 nobis
1571 721 2053 794 Poimenarchis
2076 649 2328 821 spega-

239 823 407 897 bilis
449 823 654 894 cultus
715 843 852 891 atur
871 863 897 901 ‚
934 844 1020 892 ne
1042 818 1318 917 populus
1338 816 1733 912 maiestatem
1796 821 2010 894 ietatis
2034 822 2102 895 in
2124 823 2326 894 mini-

239 921 540 996 strorum
581 916 866 993 sordibus
902 937 1305 992 contemnat.
1356 922 1540 995 Hinc
1560 846 1946 993 Antili’itum
1964 922 2325 1019 opulentia,

234 1020 407 1095 hinc
452 1021 888 1120 collegiorum
923 1043 1084 1120 opes
1127 1015 1207 1089 ad
1229 1041 1452 1093 cantus
1472 1021 1539 1088 &
1562 1019 1958 1092 ceremonias
1977 1019 2326 1107 sacrorum,

232 1131 308 1198 ει
336 1119 547 1220 ipsius
564 1122 697 1191 anti
750 1120 965 1190 uitatis
984 1141 1164 1218 paene
1182 1118 1601 1220 prodigalitas
1620 1118 1686 1190 in
1701 1143 1940 1191 numen
1960 1166 1984 1201 ‚
2019 1147 2159 1219 quat
2177 1146 2326 1194 om·

229 1220 351 1295 nia
379 1266 403 1300 ,
446 1218 618 1318 proh
634 1146 861 1292 neias!
898 1216 1086 1292 seculi
1106 1219 1374 1291 licentia
1391 1240 1682 1317 corrupta
1702 1219 1768 1290 in
1786 1218 2095 1295 invidiam
2114 1220 2325 1322 plebis

238 1330 318 1394 &
355 1320 699 1391 bonorum
735 1317 956 1391 odium
979 1316 1236 1392 cedunt.
1296 1318 1579 1390 Utinam
1599 1337 1731 1391 tam
1751 1316 2045 1392 modeste
2064 1316 2325 1420 peccas-

237 1419 477 1495 semus
502 1463 526 1499 ,
564 1439 636 1488 ut
676 1419 864 1514 culpa
895 1415 959 1488 se
1003 1417 1196 1488 domi
1220 1416 1663 1498 continuisset,
1698 1438 1801 1489 aut
1821 1418 2039 1518 negari
2055 1419 2329 1492 crimina

242 1516 556 1618 possent.
606 1513 739 1589 Sed
779 1537 864 1586 ne
896 1539 1003 1587 me
1037 1513 1488 1589 dissimulando
1521 1536 1782 1611 peccata
1805 1517 2170 1615 approbasse
2185 1520 2331 1591 exi-

261 1617 512 1692 stimes
547 1668 570 1698 ,
621 1611 673 1683 si
722 1612 1021 1688 ordinem
1051 1613 1330 1687 nostrum
1363 1615 1561 1688 veluti
1595 1614 1939 1688 humanum
1976 1616 2332 1690 confideras

265 1737 569 1813 corpus,
605 1709 859 1785 videbis
891 1714 962 1785 in
1004 1711 1315 1785 radicibus
1337 1736 1677 1812 corruptos
1694 1739 1923 1787 nervos
1944 1710 2067 1786 esse
2086 1761 2110 1795 ,
2143 1723 2208 1789 &
2230 1718 2334 1787 in-

261 1815 446 1887 utile
488 1809 931 1885 membrorum
968 1812 1155 1885 robur
1186 1812 1335 1885 inde
1372 1811 1640 1886 fluxisse.
1713 1810 1982 1887 Dehinc
2017 1813 2335 1913 pervicaci

262 1911 522 1989 morbo
559 1932 861 2009 correpta
891 1912 1157 1993 omnia,
1203 1922 1268 1987 8<
1310 1911 1591 2013 singulos
1627 1912 1868 2011 aliquid
1905 1910 2200 2007 adjecisse
2218 1939 2338 2012 pu-

261 2013 671 2085 blico-malo.
729 2010 1040 2082 Ambitus
1064 2037 1323 2111 magnas
1347 2034 1601 2084 mentes
1614 2013 1956 2109 occupavit
1972 2069 1995 2097 ,
2021 2013 2334 2112 plurimas

267 2112 511 2184 libido.
551 2111 760 2182 otium
778 2110 1058 2210 denique
1081 2119 1146 2185 δι
1172 2111 1424 2210 ignavia
1444 2136 1626 2210 paene
1644 2113 1863 2184 omnia
1879 2112 2158 2211 collegia
2178 2136 2328 2211 per-

279 2210 592 2297 tentavit,
634 2211 703 2282 in
738 2210 965 2309 quibus
999 2211 1241 2283 inertes
1276 2206 1404 2281 fuci
1434 2210 1744 2326 languidis
1765 2209 2196 2309 voluptatibus
2213 2211 2328 2286 de·

281 2308 491 2383 fident
508 2365 527 2393 ,
548 2309 951 2410 cantibusque
973 2310 1369 2410 praecipitata
1387 2321 1600 2384 arrohs
1620 2312 1834 2412 lingua
1852 2307 2092 2386 infame
2113 2313 2326 2384 otium

281 2430 538 2482 emunt.
605 2410 808 2481 Nulla
834 2413 1159 2482 literarum
1199 2409 1439 2493 studia,
1477 2412 1645 2481 nulla
1677 2435 1821 2481 cura
1856 2411 2135 2505 pietatis,
2170 2408 2329 2484 Ubi

293 2508 564 2577 no&em
601 2508 705 2576 vel
734 2512 977 2606 crapula
1038 2533 1217 2582 raves
1243 2565 1265 2595 ‚
1300 2512 1405 2582 vel
1421 2506 1776 2581 domestica
1790 2505 2058 2578 libidine
2079 2501 2331 2605 fatigati

292 2601 862 2700 consumpferunt,
895 2607 972 2676 ad
1028 2633 1180 2690 ana,
1222 2630 1416 2706 atque
1455 2632 1632 2686 aras,
1668 2607 1867 2679 veluti
1901 2605 1968 2674 in
1989 2603 2323 2679 officinam

294 2723 631 2775 vocantur.
687 2707 837 2775 Nec
867 2704 1195 2803 imponere
1232 2705 1558 2781 coelitibus
1578 2726 1833 2777 curant:
1888 2705 2095 2801 palam
2113 2706 2333 2806 negli-

298 2804 521 2903 gentia
553 2803 729 2874 vocis
760 2827 1100 2903 queruntur
1132 2808 1214 2879 de
1251 2806 1619 2903 majoribus,
1655 2803 1828 2907 quod
1860 2806 2021 2877 tanti
2057 2805 2319 2880 divitias

289 2901 603 2977 venda-nt.

384 3001 550 3074 Inde
591 2999 852 3100 digteffi
883 3001 958 3075 in
995 3004 1229 3077 domos
1275 3004 1496 3104 (pudet
1531 3004 1744 3098 fateri)
1780 3003 2130 3104 plurimum
2148 3003 2322 3078 inter

291 3097 499 3170 scorta
532 3096 746 3171 foenus
784 3127 1117 3176 numerant
1139 3151 1161 3186 ‚
1196 3129 1300 3178 aut
1319 3106 1785 3204 intempestivis
1803 3100 2124 3173 conviviis
2141 3100 2326 3172 adhi-

280 3195 407 3269 biti
424 3201 585 3269 inter
601 3202 929 3297 populares
951 3226 1222 3304 regnant
1240 3260 1260 3289 ,
1297 3214 1362 3279 δι
1383 3204 1714 3303 profanam
1733 3222 2108 3280 caeterorum
2125 3199 2326 3276 licen-

280 3298 448 3369 tiam
466 3294 680 3370 infami
698 3304 1047 3375 certamine
1071 3305 1457 3400 praecedunt.

385 3395 521 3468 Sed
554 3422 670 3469 nec
700 3397 762 3470 su
878 3399 976 3473 bis
1013 3397 1523 3475 excusationibus
1559 3420 1817 3481 carent,
1852 3419 1959 3471 aut
1982 3398 2112 3475 {ine
2130 3411 2319 3505 arg'u-

281 3503 516 3569 mento
528 3496 593 3568 in
617 3523 729 3569 nos
776 3501 1161 3574 aediffimum
1183 3503 1431 3574 crimen
1448 3501 1952 3601 torquent-Nam
1973 3524 2039 3574 ut
2055 3529 2133 3576 ex
2151 3508 2322 3578 radi-

245 3677 248 3680 ,
277 3594 463 3667 cibus
489 3599 617 3669 vim
640 3596 806 3672 suam
830 3597 990 3674 folia
1009 3602 1294 3675 &caules
1308 3608 1763 3700 temperant‚&
1784 3601 1945 3671 rami
1962 3604 2320 3678 animantur

263 3694 543 3800 ingenio
576 3697 700 3777 su'ae
734 3699 950 3804 stirpis
970 3749 998 3788 ‚
1054 3699 1142 3788 sm,
1177 3699 1283 3773 isti
1315 3725 1396 3774 ex
1438 3697 2044 3781 Poimenarchorum
2066 3705 2196 3873 viita
2216 3705 2320 3774 di-

2141 3817 2325 3884 cunt,·
