2738 4475
404 224 544 275 rto
909 194 1421 271 Evaunum.
1473 197 1965 270 Sti-trater

387 314 667 393 saltatrix
707 313 1028 399 custodia,
1061 339 1250 416 quam
1289 340 1405 417 per
1439 314 1638 389 lusum
1677 309 2006 389 fallerem:
2066 337 2199 387 non
2234 310 2441 384 etiam'

391 420 734 503 Medicus,
787 419 964 509 cujus
996 417 1242 489 olidum
1280 417 1822 489 medicamentum
1858 415 1942 487 fic
1972 413 2313 499 efferrem,
2363 430 2439 481 ut

391 516 525 616 ipse
561 518 853 615 proteflza
893 513 1109 589 fronte
1123 513 1496 616 naribusque
1512 514 1846 601 obduffls‚
1890 516 2163 588 aliorum
2182 509 2435 587 etiami

389 641 498 690 tne
537 618 744 687 vultus
777 639 1080 689 arcerem.
1144 622 1284 688 Lux
1318 615 1550 688 deinde
1583 614 1884 687 illustrior
1918 639 2065 688 cum
2107 616 2436 687 noeturnae

388 717 688 814 imaginis
705 736 1016 789 terrorem
1034 713 1306 788 diluisset
1327 761 1349 796 ‚
1369 717 1635 787 carceris
1652 717 1780 788 mei
1793 712 1960 787 fores
1976 716 2286 788 turnultus
2306 708 2451 783 for-1

393 814 714 889 midabilis
751 810 983 914 fregit,
1041 822 1109 888 δε
1152 816 1502 890 intromissi
1520 813 1812 887 satellites
1832 813 1961 913 ipsa
1982 815 2169 886 barba
2192 811 2324 887 fine
2344 836 2445 883 ar-

390 915 515 986 mis
554 911 891 993 horribiles
931 914 1247 987 moriendi
1283 911 1729 986 necessitatem
1759 914 2185 987 denunciantt
2229 913 2446 988 simul-

387 1037 515 1112 que
550 1013 632 1083 de
666 1009 912 1086 funesta
946 1014 1151 1086 domo
1185 1032 1429 1084 erutum
1463 1013 1534 1083 in
1571 1013 1810 1088 vastam
1851 1038 1922 1085 ac
1942 1015 2197 1086 inanem
2223 1037 2441 1087 aream

389 1112 770 1214 producunt.
830 1116 1009 1185 Tum
1032 1111 1303 1210 appositi
1321 1109 1612 1183 custodes
1626 1115 1823 1187 etiam
1842 1113 2061 1187 diurna
2075 1111 2287 1187 officia
2303 1135 2444 1185 non

384 1212 790 1284 omittebant.
804 1210 937 1285 Hic
960 1214 1263 1307 reclinata
1282 1209 1359 1282 ad
1384 1212 1689 1310 parietem
1708 1212 1885 1287 basta
1902 1235 2252 1288 centonem
2273 1213 2448 1286 mul-

389 1312 600 1410 tiplici
633 1312 852 1383 colore
885 1311 1197 1384 ornabat:
1233 1312 1348 1382 ille
1382 1310 1686 1385 muliebre
1722 1314 2050 1414 cingulum
2074 1314 2256 1386 corio
2276 1337 2449 1385 non-

389 1410 544 1488 dum
564 1409 788 1484 abrasis
811 1411 959 1511 pilis
976 1408 1143 1483 bene
1161 1411 1330 1484 laevo
1344 1410 1602 1510 aptabat
1622 1463 1643 1496 ,
1679 1420 1747 1489 &
1783 1417 2057 1513 gemino
2073 1414 2449 1515 plumbato·-

393 1536 535 1584 rum
579 1513 904 1583 clavorum
926 1512 1157 1583 ordine
1177 1509 1605 1610 distinguebat
1627 1542 1646 1586 t
1693 1536 1833 1613 pars
1850 1514 2129 1618 denique
2148 1512 2329 1588 filum
2348 1515 2457 1614 pi-

391 1613 486 1684 cis
521 1610 870 1682 tenacitate
904 1608 1258 1684 induebant
1294 1658 1319 1697 ,
1371 1635 1513 1709 pars
1553 1616 1786 1686 calceis
1823 1640 2030 1716 prope
2070 1615 2465 1688 cubitalibus

392 1709 822 1786 densissimam
851 1705 1003 1783 ferri
1048 1709 1276 1785 seriem
1297 1707 1778 1809 supponebant:
1832 1716 2264 1787 cuminterim
2285 1712 2458 1787 mibi

396 1807 1158 1911 succurritmeoclypeo,
1201 1808 1419 1891 idest,
1462 1813 1782 1882 Gallionis
1801 1815 2107 1893 nomine,
2149 1814 2260 1882 uti.
2315 1810 2451 1883 Sed

391 1912 645 1997 nullus,
676 1913 950 2009 opinor,
988 1910 1253 1981 deorum
1288 1928 1463 1979 extra
1500 1909 1745 1978 coelum
1780 1903 1956 1980 suum
1997 1930 2247 2006 regnat.
2329 1909 2444 1979 Id-

392 2007 599 2106 ipsum
636 2011 1092 2078 tumultuantes
1129 2007 1329 2075 acrius
1366 2003 1658 2074 incitavit
1691 2050 1716 2085 ‚
1769 2013 1834 2078 &
1872 2006 2141 2104 impune
2191 2007 2448 2104 procla-

391 2126 612 2183 mant,
665 2102 887 2174 licebit
923 2102 1030 2171 uni
1061 2104 1246 2202 genti
1281 2100 1445 2200 apud
1462 2126 1581 2173 nos
1602 2098 2036 2198 ess'einjuriae?
2077 2107 2145 2176 &
2166 2108 2449 2178 alienam

389 2201 760 2277 timebimus
797 2197 1204 2273 nobilitatem
1228 2249 1251 2285 ‚
1303 2200 1412 2301 qui
1432 2214 1437 2217 ’
1460 2202 1774 2301 gentilem
1799 2204 2239 2303 projecimus?
2291 2229 2449 2278 narn

391 2300 546 2403 quid
567 2302 732 2399 apud
753 2315 870 2371 nos
885 2299 998 2371 ille
1016 2304 1288 2400 populus
1309 2327 1339 2372 r
1425 2302 1600 2373 nabit
1618 2348 1640 2383 ‚
1679 2307 1789 2402 qui
1819 2327 1997 2377 extra
2017 2307 2258 2404 patrios
2280 2302 2450 2376 fines

393 2402 501 2473 ubi
521 2402 753 2501 pedem
769 2402 837 2472 in
852 2396 966 2470 suo
986 2421 1188 2501 ponat
1210 2325 1626 2473 noneffi'abet?
1660 2427 1812 2475 num
1849 2406 2190 2476 temeraria
2224 2407 2453 2496 juven-

396 2527 495 2576 tus
516 2524 705 2604 atque
724 2501 885 2574 levis
902 2546 927 2584 ‚
963 2528 1103 2604 quae
1122 2502 1360 2600 ineptis
1385 2501 1770 2573 clamoribus
1790 2559 1811 2588 ‚
1864 2529 2005 2602 quae
2026 2501 2320 2574 affefihta
2336 2505 2460 2575 tri-

397 2602 737 2702 pudiorum
757 2596 1009 2672 lascivia
1034 2660 1056 2687 ,
1094 2600 1328 2699 ubique
1345 2596 1731 2675 insolentem
1754 2603 2076 2675 audaciam
2100 2628 2220 2701 pto
2242 2603 2459 2678 vivida
2566 2631 2582 2650 ·

397 2701 621 2774 indole
651 2702 882 2792 jaan,
939 2703 1062 2773 erit
1103 2704 1323 2800 p'otior
1341 2700 1687 2773 severitate
1710 2701 2336 2801 nostrarumlcgum,
2380 2709 2452 2778 δι

397 2801 656 2901 imperii
690 2797 1069 2892 majestate?
1500 2881 1503 2884 Α

466 2910 651 2974 Inter
666 2898 777 2970 bas
794 2898 1314 2972 tumultuantium
1334 2925 1528 2974 voces
1545 2902 1699 2972 alius
1721 2899 1981 2973 subinde
1997 2902 2240 2972 clamor
2257 2924 2449 2972 exor-

399 3024 503 3074 tus
538 2999 654 3074 est.
706 3002 896 3072 Nam
926 2998 1352 3072 adducebatur
1391 2997 1832 3073 famofiffimus
1877 3002 2082 3081 latro,
2126 3001 2233 3098 qui
2258 2998 2452 3098 preffi

323 3123 332 3132 '
385 3103 587 3178 lactis
617 3096 935 3188 mensuras
973 3100 1214 3199 aliquot
1247 3097 1632 3172 demerserat
1667 3102 1737 3173 in
1781 3096 2107 3197 prosundae
2129 3101 2305 3171 cellae
2326 3122 2453 3169 no-

402 3202 622 3280 ἃειη,
672 3205 742 3269 δε
775 3201 1089 3299 capellam
1125 3196 1292 3272 foetu
1330 3223 1403 3270 ac
1441 3200 1634 3271 ubere
1673 3198 2023 3270 notabilem
2070 3199 2134 3269 in
2157 3195 2454 3270 solitariae

401 3301 573 3398 rupis
592 3298 902 3372 secretum
917 3300 1269 3374 abvexerat.
1296 3301 1504 3400 Igitur
1516 3298 1717 3371 adhuc
1736 3301 2014 3370 incertus
2035 3297 2112 3369 ad
2130 3298 2454 3398 laqueum,

402 3419 485 3470 an
520 3399 599 3470 ad
639 3400 862 3495 ignem
897 3399 1339 3484 damnaretur,
1380 3398 1458 3471 ad
1501 3423 1713 3472 meum
1751 3400 1915 3470 latus
1955 3394 2084 3471 sese
2120 3398 2458 3497 applicuit3

403 3523 551 3572 cum
569 3523 648 3569 ex
668 3496 789 3568 alia
811 3522 987 3596 parte
1010 3501 1294 3572 mantilia
1309 3495 1803 3571 extenfiffimam
1822 3496 2247 3571 instruxerant
2269 3522 2456 3571 men-

329 3685 332 3688 ,
398 3594 581 3681 sam,
615 3604 681 3671 δι
750 3598 1027 3696 iperatus
1047 3601 1270 3698 panis,
1311 3598 1549 3678 vitellis
1565 3594 1906 3670 artificiose
1925 3594 2455 3684 mixtis,abunde

402 3696 623 3773 allatus
661 3721 697 3770 c
774 3751 797 3783 ,
836 3722 909 3770 ac
946 3698 1180 3774 deinde
1213 3697 1443 3773 bubula
1478 3697 1553 3771 ad
1601 3692 1848 3775 fumum
1885 3701 2107 3787 εοᾶε,
2146 3695 2448 3801 piscisque

1510 3845 1513 3852 ι
2313 3815 2447 3870 nou
