2738 4475
602 174 632 193 O

427 293 585 389 ‘⁷302
910 287 1422 363 Eunaeum.
1471 286 1972 384 Sarrum

410 425 559 481 'nec
599 404 859 503 fragile,
908 426 978 479 ut
1014 406 1361 507 ingeniosis
1383 455 1407 490 ,
1440 425 1674 503 corpus
1696 450 1723 490 ,
1756 427 1875 476 nec
1894 397 2322 502 refugientem
2342 404 2503 486 aui-1

425 527 615 582 ‘mum
642 503 959 583 offendat.
1011 515 1236 608 ltaque
1255 510 1322 579 in
1348 506 1722 606 Acignianis
1741 505 1985 576 nullum
2002 500 2145 587 else,
2167 527 2301 574 non
2327 528 2490 578 cau-

413 607 494 681 ·sa
532 607 943 679 contumeliae
963 604 1174 698 objeci
1195 657 1216 691 ‚
1257 605 1359 678 sed
1381 603 1608 678 risurus
1632 606 1980 680 vanitatem
1998 603 2074 674 ad
2089 623 2346 676 tantum
2360 613 2485 679 ’σο-ι’

428 708 716 780 cantium
735 729 975 777 nomen
998 709 1377 807 plerumque
1397 707 1792 804 inexpertos,
1813 712 1879 777 δι
1899 701 2182 778 sublimis
2198 700 2490 782 scientia

432 807 786 904 imaginem
808 806 980 878 inter
996 808 1157 881 viles
1177 810 1432 879 Ixionas
1453 801 1992 903 prostituentium.
2476 799 2489 808 ²

522 902 790 980 Videtis
829 931 1021 1004 quam
1057 908 1304 1004 prolixe
1342 904 1716 978 indulserim
1759 905 1884 977 Aci
1932 903 2141 977 nianir
2161 952 2185 988 ,
2216 927 2386 1005 quos
2414 907 2490 982 in

419 1005 706 1094 amplam
741 1006 1122 1080 eruditionis
1161 1025 1404 1104 partem
1444 1030 1577 1076 non
1617 932 1929 1077 invidios}
1946 1001 2355 1079 conseffione
2372 1008 2497 1081 ad·

419 1101 561 1177 mifi
579 1158 601 1188 ,
625 1103 780 1176 dum
803 1107 870 1175 δι
896 1107 1146 1181 caeteris
1169 1103 1544 1178 mortalibus
1567 1102 1839 1178 sciamus
1859 1129 1994 1177 non
2011 1105 2259 1203 parcius
2276 1104 2484 1179 divisa

418 1227 684 1276 munera
706 1200 1030 1277 Musarum
1050 1252 1074 1286 ,
1112 1229 1231 1276 nec
1254 1203 1344 1276 ibi
1371 1227 1746 1301 perpetuam
1768 1206 2177 1304 ingeniorum
2202 1201 2487 1276 felicita-

417 1322 557 1374 tem
594 1299 740 1374 effe.
800 1305 981 1376 Nam
1003 1304 1178 1402 quod
1200 1301 1636 1376 adolescentes
1659 1302 1735 1374 ad
1762 1306 2156 1377 Societatem
2175 1301 2483 1378 dicebam

416 1425 604 1500 paene
640 1400 724 1475 de
759 1403 956 1475 animi
990 1404 1288 1476 libertate
1304 1402 1579 1484 deduci,
1621 1402 2121 1503 industriamque
2134 1402 2201 1474 in
2222 1403 2347 1473 illis
2363 1421 2480 1476 aut

412 1525 575 1599 opes
597 1550 622 1587 ,
656 1527 790 1574 non
814 1524 1027 1575 autem
1050 1526 1288 1577 naturae
1307 1497 1629 1603 impetum
1651 1500 1950 1577 aestimari
1970 1551 1991 1585 ‚
2011 1527 2145 1605 quae
2165 1500 2465 1579 omnibus

413 1622 535 1698 per
567 1600 668 1674 sua
710 1602 867 1676 vitia
900 1612 969 1680 &
1009 1606 1279 1677 virtutes
1314 1601 1563 1677 diversa
1583 1604 1850 1678 vivendi
1874 1628 2114 1704 genera
2133 1600 2480 1685 distribuit,

408 1704 571 1771 nolo
599 1701 932 1777 instituere
965 1700 1404 1777 defensionem
1423 1730 1658 1777 meam.
1712 1704 1994 1775 Utinam
2014 1704 2342 1798 patiantur
2359 1725 2483 1773 nos

412 1798 752 1900 suppreffis
789 1807 1062 1904 querelis
1082 1802 1466 1877 diffimulare
1487 1805 1701 1900 inepta
1722 1799 1885 1898 saepe
1902 1803 2054 1884 tela,
2082 1800 2194 1871 sed
2216 1805 2284 1873 in
2304 1802 2489 1874 illam

413 1924 673 1975 etatem
694 1905 999 1994 valentia;
1013 1903 1216 2001 quaefi
1238 1901 1472 1972 vellem
1492 1895 1807 1977 excusare,
1826 1898 1981 1991 quid
1998 1897 2274 1966 amicius
2294 1899 2489 1971 inve-

412 2003 626 2073 nirem
645 2048 666 2082 ‚
711 2028 904 2099 quam
940 2004 1087 2071 illos
1121 1998 1470 2089 juventutis
1507 2012 1843 2065 venatores
1867 1992 2081 2085 decipi
2102 1990 2477 2064 inconsulta

407 2100 672 2195 pietate,
692 2122 810 2167 nec
831 2099 1074 2166 crimen
1097 2093 1162 2162 in
1176 2091 1477 2161 omnibus
1497 2090 1781 2160 haerere?
1822 2091 2178 2158 Temerata
2198 2112 2469 2187 quoque

400 2193 665 2278 secreta,
693 2200 762 2265 δι
780 2191 1105 2262 arbitrium
1124 2185 1509 2261 familiarum
1522 2188 1649 2260 illis
1668 2183 2071 2260 callidiffima
2091 2183 2471 2260 insinuatio-

401 2290 851 2389 nequaesitum,
879 2287 1074 2361 hodie
1092 2289 1625 2385 intemperantius
1650 2286 1895 2359 rideam
1916 2311 2108 2387 quam
2131 2286 2466 2386 indignere

399 2392 642 2489 quippe
674 2388 890 2460 omnis
928 2386 1065 2460 doli
1104 2386 1435 2486 ingenium
1455 2387 1600 2486 post
1621 2387 1901 2485 primam
1921 2387 2127 2457 aciem
2148 2385 2471 2475 hebescit,

403 2500 471 2564 δι
514 2514 678 2590 quos
716 2484 956 2562 insidia
977 2484 1285 2558 secundos
1305 2509 1413 2559 aut
1429 2488 1663 2560 tertios
1681 2487 2016 2584 decipiunt
2037 2542 2060 2572 ‚
2100 2485 2165 2557 di
2218 2487 2284 2558 ni
2303 2513 2477 2587 quo-

404 2613 532 2691 que
571 2588 866 2662 videntur
905 2587 1205 2664 maturius
1230 2585 1475 2684 periss'e.
1530 2588 1671 2658 Cur
1691 2585 1889 2684 igitur
1909 2587 1978 2658 in
1994 2586 2143 2656 illos
2166 2512 2475 2687 &opulos

403 2685 795 2762 offendimus
819 2734 840 2768 ,
865 2695 931 2763 δι
955 2689 1086 2783 jam
1103 2689 1297 2759 tantis
1313 2682 1655 2786 naufragiis
1676 2687 2035 2757 ῑοᾶοεὶωι·
2053 2687 2233 2759 illam
2250 2687 2473 2761 dome-

403 2789 577 2861 sticae
597 2782 872 2861 censurat
895 2788 1356 2884 procacitatem
1379 2813 1510 2859 non
1533 2784 1968 2871 excludimus,
1985 2810 2123 2883 quae
2144 2811 2468 2883 nunquam

404 2887 620 2960 severe
636 2885 1139 2958 detrectantibus
1158 2885 1390 2971 illudit,
1416 2884 1608 2958 semel
1630 2907 1844 2957 autem
1863 2882 2061 2957 infusa
2076 2930 2099 2963 ,
2142 2909 2272 2954 non
2290 2881 2454 2955 faci-

401 2989 525 3059 lius
545 2987 784 3061 sistetur
800 3035 821 3067 ,
842 3010 1033 3084 quam
1060 2983 1324 3056 flumina
1347 3035 1369 3071 ,
1393 3011 1534 3085 qua:
1554 2988 1726 3057 viam
1744 3010 2035 3084 aquarum
2059 2982 2447 3079 ponderibus

404 3109 728 3186 ruperunt.
782 3086 895 3157 Ad
928 3081 1238 3157 summam
1261 3133 1284 3166 ‚
1321 3085 1366 3158 si
1403 3089 1726 3156 intentum
1763 3085 2106 3182 peregrina:
2125 3083 2325 3153 merci
2341 3105 2465 3153 ve-

405 3190 659 3260 &orem
674 3234 696 3270 ,
720 3183 765 3258 (i
786 3180 1146 3277 servantem
1170 3184 1330 3258 astra
1351 3186 1704 3285 agricolam
1728 3192 1794 3257 δι
1821 3186 2097 3255 militum
2116 3206 2291 3252 arma
2310 3208 2466 3281 pro-

401 3283 654 3373 bamus,
673 3286 818 3385 quis
843 3285 1246 3383 Acignianos
1266 3284 1622 3369 damnabit,
1638 3282 1902 3382 fi,quem
1926 3276 2304 3354 facillimum
2324 3306 2468 3355 cte-

403 3382 564 3454 dunt
597 3386 674 3455 ad
717 3387 1080 3481 potentiam
1101 3432 1123 3467 ‚
1164 3384 1490 3459 ascensum
1531 3384 1712 3456 omni
1747 3380 2022 3454 artificio
2061 3385 2458 3479 pertentant?

401 3488 557 3554 lmo
575 3484 954 3580 applaudam
973 3485 1323 3585 ingeniosae
1342 3484 1703 3572 calliditati,
1722 3490 1790 3556 δι
1812 3480 2072 3555 stultam
2092 3483 2368 3582 praedam
2387 3481 2463 3558 in

402 3602 511 3656 tot
532 3583 743 3655 caveis
763 3582 1021 3655 videbo.

417 3726 420 3729 -
494 3683 872 3754 Contentus
910 3706 1043 3754 tam
1069 3681 1260 3755 mode
1270 3680 1365 3753 sto
1383 3680 1634 3754 indicio
1650 3730 1671 3763 ‚
1714 3684 2120 3756 atrocitatem
2138 3681 2449 3773 majorum

402 3768 756 3856 facinorum
791 3780 1128 3873 submovi,
1176 3808 1316 3883 quae
1361 3779 1531 3858 fama
1571 3786 1675 3859 vel
1707 3782 2124 3877 inimicorum
2154 3780 2454 3950 acerb‘iltas

2282 3902 2316 3948 a
2361 3899 2474 3951 ot-
