2738 4475
807 257 920 332 -l’
1026 284 1074 329 A
1177 281 1228 331 R
1333 282 1366 332 s
1505 261 1671 330 111.
2109 275 2243 351 32¹

190 381 401 439 tatem
427 360 823 456 saevientium
842 368 995 437 odio
1014 367 1111 437 vel
1135 366 1473 437 iracundiae
1496 364 1742 456 objecit
1764 389 1784 431 t
1820 381 1960 433 tum
1983 385 2244 433 conatus

192 487 617 561 praematuros
637 515 661 550 ‚
702 471 765 535 δε
787 465 1199 564 cupiditatem
1220 463 1402 537 famae
1430 507 1450 540 2
1484 490 1622 562 quae
1646 465 2067 534 luxuriantem
2086 456 2252 531 vitio

190 589 512 636 annorum
565 560 979 662 scriptionem
1037 567 1365 636 novaculae
1418 558 1733 633 saeveriori
1785 588 1916 633 non
1951 558 2249 631 servavit.

185 661 387 735 Nam
407 664 471 732 in
494 665 696 760 prima
716 666 981 763 Satyrici
1004 685 1182 764 parte
1196 665 1394 735 etiam
1467 662 1706 732 uotidie
1724 662 1940 733 lituras
1967 657 2157 745 facio,
2181 680 2250 729 ut

198 760 282 831 in
315 763 530 832 multis
568 764 734 833 velut
768 760 968 836 fronti
988 758 1332 835 invenustae
1353 809 1378 841 ,
1441 764 1635 833 altem
1655 763 1862 833 velum
1884 762 2245 858 imponam.

198 859 339 933 Sed
380 859 507 931 hoc
525 861 821 953 judicium
841 890 971 935 non
994 864 1240 963 ingrata
1255 862 1565 933 violentia
1586 858 1748 931 mihi
1764 882 2056 957 ereptum
2078 855 2254 928 fato·-

208 981 360 1030 rum
393 960 742 1033 clementiae
777 961 1030 1059 permili
1051 1006 1072 1040 ,
1160 986 1250 1032 uae
1291 958 1416 1032 boc
1455 983 1635 1058 paene
1653 962 1940 1031 exeuntis
1964 960 2251 1056 pueritiae

209 1059 598 1153 tyrocinium
637 1062 898 1132 visturis
936 1057 1132 1157 spiriti
1183 1086 1249 1131 us
1287 1080 1892 1131 annumeraverunt.
1956 1057 2255 1154 Secund?

195 1149 364 1230 vero
380 1160 542 1254 parti
562 1186 683 1258 que
701 1206 722 1240 ,
766 1151 1394 1259 proveetior'biennii
1417 1183 1597 1230 mora
1617 1208 1642 1244 ,
1659 1156 1857 1257 sapuit
1878 1181 1993 1255 per
2014 1156 2249 1255 prioris

192 1243 486 1352 impetus
526 1284 728 1354 nevos
745 1317 767 1346 ‚
815 1283 1024 1332 meam
1060 1283 1314 1358 quoque
1335 1258 1609 1358 gloriam
1626 1259 1879 1354 imputo
1905 1284 1927 1329 .·
1963 1281 2035 1328 ac
2070 1253 2252 1355 quod

190 1355 514 1452 Epidicus
537 1367 600 1430 δι
630 1361 878 1432 Orator
891 1355 1010 1429 suis
1030 1357 1391 1431 aueloribus
1414 1351 1652 1428 fuerant
1676 1407 1699 1443 ‚
1722 1356 1787 1428 id
1808 1352 1965 1428 mibi
1988 1357 2068 1427 de
2092 1355 2252 1429 Cal-

187 1453 396 1524 lionis
419 1458 712 1550 potentia
732 1455 891 1526 liber
907 1456 1311 1552 Euphormio
1331 1504 1354 1538 ,
1375 1459 1437 1524 &
1463 1453 1523 1524 se
1542 1456 1760 1553 primis
1778 1455 2011 1527 litteris
2031 1452 2140 1525 sub
2155 1450 2251 1525 fa-

190 1550 357 1640 bula
388 1552 685 1622 imbuens
708 1598 731 1632 ‚
768 1551 891 1624 esse
928 1553 1165 1649 potest.
1215 1554 1546 1627 Nimirum
1578 1577 1644 1626 ut
1667 1552 1907 1626 censeri
1945 1580 2058 1653 per
2079 1555 2248 1624 illius

189 1651 484 1718 virtutes
524 1670 628 1718 aut
661 1651 817 1721 vitia
855 1676 987 1722 non
1008 1648 1333 1723 recusem.⁴
1403 1656 1640 1750 Neque
1679 1678 1784 1724 me
1813 1675 1948 1724 tam
1987 1647 2253 1752 propitii

199 1745 470 1821 itineris
491 1746 563 1818 ad
599 1749 874 1847 gloriam
914 1748 1126 1847 potest
1150 1797 1171 1832 ,
1210 1774 1311 1822 aut
1333 1747 1375 1822 fi
1399 1753 1695 1822 mavultis
1716 1751 1982 1849 preclari
1997 1754 2252 1830 erroris,

193 1845 546 1944 poenitere
566 1890 589 1925 ‚
621 1848 750 1921 fine
785 1851 1588 1922 contumeliaimmerentis
1607 1845 1903 1947 fortune,
1941 1876 2063 1947 que
2083 1851 2257 1936 velut

194 1941 484 2017 confilio
517 1971 726 2019 meam
752 1950 1188 2022 temeritatem
1212 1951 1551 2044 provexit„
1593 1948 2128 2021 Adolescentibus
2153 1973 2262 2017 au-

192 2066 341 2116 tem
361 2043 612 2144 totique
627 2046 1119 2145 juventuti,quae
1140 2047 1342 2118 adhuc
1361 2045 1599 2119 curiosa
1617 2049 1903 2121 &libera
1924 2047 2259 2146 diligentia
2300 2091 2327 2110 a

195 2141 561 2243 speculatur
599 2139 807 2217 aditus
845 2145 926 2216 ad
963 2148 1282 2218 ulterioris
1317 2146 1466 2218 vitat
1508 2142 1756 2218 securos
1797 2156 1867 2219 δε
1906 2153 2249 2245 opulentos

203 2239 414 2314 cursus
430 2291 453 2327 ‚
490 2245 648 2315 meis
669 2245 1070 2317 cautionibus
1089 2294 1114 2332 ,
1153 2254 1219 2319 &
1242 2248 1372 2339 jam
1394 2269 1662 2347 experto
1681 2248 1965 2346 navigio,
1988 2272 2116 2345 quo
2134 2245 2248 2315 ad-

204 2340 524 2440 remigent
555 2366 811 2440 portum
843 2344 1203 2419 ostendam.
1264 2348 1524 2418 Fallitur
1558 2349 1730 2419 enim
1815 2349 1876 2417 ui
1914 2346 2243 2417 literarum

193 2437 605 2536 splendorem
625 2438 802 2539 putat
821 2445 1016 2517 etiam
1037 2449 1057 2483 ⁸
1086 2444 1258 2518 Pluti
1276 2374 1945 2517 coecitatiillucescere
1967 2491 1988 2524 ‚
2031 2454 2093 2517 &
2122 2444 2244 2514 sta·-

201 2540 330 2609 tim
353 2539 514 2607 acin
531 2538 891 2614 Parnassum
913 2543 1203 2640 pervenit
1223 2600 1247 2630 ,
1288 2569 1447 2642 opes
1471 2542 1583 2614 ab²
1605 2544 1919 2641 Apolline
1937 2542 2249 2639 efflagitat

205 2636 430 2706 omnis
451 2637 693 2708 metalli
716 2640 1067 2713 conditore.

314 2735 500 2807 Nam
521 2733 817 2807 omnibus
840 2737 1059 2810 seculis
1081 2739 1469 2814 diverterunt
1490 2739 1727 2817 divitiae
1751 2739 1787 2812 ὲ
1811 2738 2026 2814 studiis
2051 2737 2252 2809 virtu-

209 2833 297 2906 tis
312 2890 334 2918 ‚
373 2840 443 2905 δε
485 2829 692 2931 sepius
714 2834 1120 2937 Philosophia
1141 2841 1398 2940 ingratis
1421 2838 1638 2942 friguit
1656 2893 1679 2931 ,
1702 2867 1889 2942 quam
1911 2865 2245 2939 purpuram

204 2930 520 3035 despexit.
579 2935 687 3004 Illi
718 2936 830 3034 ipsi
868 2941 978 3038 qui
1011 2936 1369 3013 libertatem
1391 2938 1725 3014 solutarum
1748 2944 2038 3041 gentium
2063 2938 2249 3009 sube-

200 3055 433 3133 gerunt
452 3034 879 3132 eloquentia)
902 3038 1012 3136 qui
1038 3038 1459 3139 Cheroneain
1481 3041 1844 3139 Philippum
1866 3065 2035 3111 arma
2057 3038 2253 3107 cude-

203 3157 277 3204 re
294 3181 318 3213 ,
337 3134 446 3230 qui
465 3135 794 3206 Corneliis
818 3135 1179 3237 Sergiisque
1201 3136 1301 3211 sua
1321 3140 1582 3212 consilia
1597 3130 1947 3221 extorsere,’
1962 3161 2093 3205 non
2111 3134 2253 3204 exi-

206 3228 443 3304 viss'ent
476 3231 553 3303 de
574 3231 939 3308 Rhetorum
958 3238 1177 3309 umbra
1195 3285 1216 3319 ,
1251 3239 1363 3311 nifi
1386 3240 1551 3334 nude·
1570 3238 1945 3308 eruditionis
1967 3233 2156 3303 altam
2177 3242 2248 3305 &

199 3329 546 3404 candidam
564 3330 1036 3432 simplicitatem
1062 3339 1338 3409 mixtura
1357 3340 1648 3409 civilium
1673 3335 2080 3434 negotiorum
2106 3357 2251 3503 (οῗ-

2053 3458 2116 3502 ru
2167 3459 2184 3502 ι
2215 3470 2251 3489 -

268 3546 295 3584 ι
339 3529 1057 3601 Pluticoerieaetiinneeftere.]1=in
1093 3534 1205 3587 eba-
1229 3534 1346 3647 lm]
1379 3532 1565 3584 Dicitur
1598 3532 1676 3582 Sol
1703 3530 1872 3582 author
1888 3460 2180 3583 metanomiii
2198 3535 2250 3583 in

195 3611 278 3651 mr
294 3600 420 3650 olim
438 3599 600 3650 Plutus
617 3615 770 3651 coecus
787 3635 809 3662 ‚
837 3603 930 3654 five
957 3620 1018 3671 qu
1111 3604 1207 3656 fine
1256 3600 1506 3656 visceribus
1522 3616 1651 3651 rerrae
1668 3602 1898 3657 ‚maxime
1909 3613 2021 3651 veto
2034 3604 2145 3653 auri.

191 3670 306 3734 lege
319 3666 613 3719 distribueret
625 3669 811 3723 divitias
828 3669 958 3730 suas,
989 3670 1065 3723 seu
1079 3672 1205 3741 quod
1325 3685 1352 3735 3¹
1396 3675 1494 3741 Qu·
1533 3670 1760 3719 cheronaea
1792 3673 1839 3719 in
1868 3669 2106 3736 Philipp-m
2131 3684 2256 3719 ama

191 3752 369 3788 coecos
390 3733 568 3788 faciant
581 3754 710 3807 opes.
1260 3737 1460 3799 eundern]
1508 3735 1610 3803 Ipse
1635 3736 1727 3787 fuit
1744 3736 2075 3789 Demosthenes
2089 3737 2259 3790 author

283 3823 314 3862 ι
366 3803 589 3877 Apstine
628 3807 769 3862 mh
811 3805 985 3863 metalli
1027 3806 1218 3863 condis·-
1261 3807 1643 3876 Philippicarum.
1742 3877 1782 3925 x
2147 3885 2169 3922 x
2208 3868 2257 3916 33
