2738 4475
488 257 655 356 '344
1018 245 1516 329 Eunaeum-⁴
1571 256 2085 328 sunum

485 374 796 476 quicquid
813 369 907 447 est
923 372 1127 448 nimio
1145 400 1216 447 ac
1234 371 1434 450 veluti
1450 373 1764 471 ptaecipiti
1781 367 2046 449 fervore
2060 375 2547 475 compleam.

488 478 675 549 Nam
693 477 825 548 baec
847 478 1006 546 acris
1029 476 1345 575 cupiditas
1357 470 1579 544 saltem
1598 473 1905 558 ostendit,
1920 479 2098 548 illum
2118 500 2295 559 vero,
2318 484 2384 548 δι
2408 500 2536 571 pet

486 570 616 646 hoc
634 573 949 646 laborioso
962 576 1309 673 impetu,in
1325 570 1424 644 sua
1442 570 1639 643 studia
1656 571 1824 667 poss'e
1851 571 2019 646 ferri:
2040 575 2082 646 fi
2089 599 2168 646 ne
2184 599 2308 676 qua
2323 574 2528 646 iudo-

488 673 768 747 lenemo
785 676 1089 745 virtutem
1109 700 1256 747 vere
1272 673 1467 756 colet,
1493 694 1596 742 aut
1611 673 1823 771 gloriae
1841 674 2071 748 litabit.
2177 709 2182 716 ·
2325 717 2330 724 ·
2479 699 2486 708 ‘

587 777 923 848 Caeterum
957 777 1247 870 quamvis
1285 769 1726 845 adolescentiae
1755 773 2072 845 interdum
2109 771 2230 843 sint
2264 772 2528 871 ingrata

479 870 823 945 semetutis
848 872 1106 944 consilia
1122 926 1144 962 ,
1180 895 1396 944 tamen
1434 866 1564 970 ipsa
1585 869 1961 944 conscientia
1979 871 2325 970 sapientiae
2346 898 2520 944 non-

484 972 638 1045 dum
674 973 745 1042 in
782 971 902 1045 suis
939 974 1117 1044 annis
1137 993 1397 1045 matura:
1421 1026 1442 1054 ‚
1480 966 1699 1042 nescio
1716 970 1865 1070 quid
1883 972 1958 1043 de
1973 973 2051 1042 iis
2069 972 2277 1042 altum
2295 968 2525 1051 sentit.

479 1073 593 1170 qui
626 1073 756 1165 jam
795 1093 944 1144 ante
975 1073 1220 1171 experti
1250 1073 1655 1165 juventutem
1690 1096 1804 1169 pet
1840 1095 1976 1143 eam
1989 1070 2522 1144 commeantibus

474 1171 607 1243 iter
642 1169 1007 1242 ostendunt.
1066 1172 1343 1243 Animus
1377 1190 1588 1241 autem
1625 1172 1694 1241 in
1732 1171 1859 1242 hoc
1892 1173 2077 1242 aetatis
2113 1169 2275 1243 flore
2293 1175 2514 1269 prima

478 1268 783 1365 'cupidine
804 1270 1002 1341 laudis
1020 1272 1199 1354 ardet
1214 1325 1234 1354 ,
1273 1269 1616 1369 impatiens
1638 1273 2153 1345 contumeliarum
2174 1303 2197 1361 ς
2236 1298 2373 1344 uon
2396 1271 2521 1345 diu

474 1368 709 1441 'eadem
748 1368 1007 1441 confili‘a
1041 1369 1309 1470 probare
1327 1416 1349 1451 ,
1392 1390 1494 1441 aut
1511 1370 1739 1469 exequi
1760 1417 1786 1453 ,
1824 1367 2026 1443 facilis
2050 1402 2074 1463 3
2101 1377 2280 1446 etiam
2299 1375 2515 1469 pluri-

470 1493 656 1541 mum
674 1465 786 1538 fibi
803 1469 1159 1560 placetsuec
1183 1467 1328 1542 satis
1346 1469 1656 1541 amicitias
1674 1469 1889 1566 potest
1905 1469 2514 1571 eligeremecpostea

481 1562 772 1642 adversus
791 1564 1520 1643 succrescens-fastidium
1543 1570 1726 1641 tueri.
1760 1571 2101 1670 Quicquid
2121 1597 2324 1646 autem
2340 1569 2518 1641 subi-

464 1667 558 1738 'to
574 1669 833 1741 mentis
863 1672 1156 1743 acumine
1176 1671 1445 1744 inveniri
1465 1690 1565 1740 aut
1588 1666 1809 1766 perfici
1833 1670 2073 1765 potest,
2092 1699 2221 1745 non
2242 1672 2533 1771 aptiores

464 1767 557 1838 *in
575 1767 947 1842 mortalibus
964 1770 1157 1843 habes
1176 1794 1364 1870 quam
1386 1769 1453 1839 in
1471 1768 1588 1838 illo
1609 1766 1777 1838 flexu
1799 1792 2026 1840 annos.
2098 1780 2198 1846 Ut
2235 1772 2539 1846 videatur

464 1868 769 1965 pueritiae
786 1867 909 1941 effe
925 1916 947 1950 ,
969 1865 1133 1942 faeta
1154 1870 1463 1960 majorum
1484 1914 1507 1950 ‚
1541 1869 1642 1935 vel
1664 1864 1858 1950 dista,
1877 1866 2184 1941 indefessa
2206 1873 2538 1944 memoria

475 1965 766 2066 adipisci3
784 1969 1129 2061 juventutis
1147 1988 1382 2041 autem,
1405 1973 1471 2037 &
1492 1962 1701 2033 facere
1715 1986 1902 2044 nova,
1925 1970 1993 2035 &
2011 1967 2224 2068 loqui3
2247 1968 2539 2071 sequen..

475 2067 561 2134 tis
576 2066 812 2152 deiude
829 2065 1030 2133 aetatis
1052 2061 1114 2130 se
1132 2086 1210 2131 ex
1228 2058 1501 2156 utrisque
1521 2059 1852 2157 moderari.
2160 2102 2171 2113 ·

454 2176 467 2188 ·
574 2159 838 2253 Excipit
854 2161 1249 2247 juventutem
1268 2153 1424 2225 stata
1444 2174 1594 2227 aetas
1614 2179 1686 2224 ac
1705 2155 1926 2236 virilis,
1936 2156 2150 2229 media
2173 2163 2348 2236 inter
2365 2168 2544 2241 ado-

454 2254 783 2327 'lescentiae
817 2255 1162 2350 pr‘ae'cipitia
1183 2300 1205 2334 ‚
1250 2252 1621 2351 pondusque
1651 2251 2015 2325 senefiutis.
2068 2260 2148 2325 In
2185 2258 2309 2330 hac
2344 2268 2535 2339 adeo

440 2372 605 2422 ‘cum
647 2351 879 2437 auium¹
902 2375 1129 2448 corpus
1163 2353 1342 2451 viget
1363 2398 1390 2435 ‚
1422 2374 1490 2424 ut
1518 2373 1671 2423 tuuc
1703 2348 1965 2422 demum
1986 2376 2135 2424 vere
2156 2352 2523 2435 homiuem

442 2450 585 2524 ‘effe
598 2448 1316 2552 credideriS,datun1que
1330 2453 1402 2523 in
1415 2454 1668 2525 illorum
1685 2473 1990 2543 annorum
2009 2454 2277 2551 gratiam
2297 2481 2519 2554 quan-

368 2610 381 2615 -
440 2556 780 2650 ‘'tacunque
797 2550 895 2621 est
913 2551 1283 2624 mortalibus
1307 2552 1463 2624 vita.
1512 2552 1647 2627 Hic
1669 2554 1894 2650 ingens
1916 2575 2258 2650 corporum
2277 2560 2343 2627 δι
2367 2559 2529 2629 ani-

450 2666 720 2725 morum
762 2653 1034 2722 mutatio
1054 2699 1076 2733 ,
1133 2672 1202 2724 ut
1254 2650 1544 2725 ciborum
1582 2653 1953 2749 plerumque
1993 2675 2064 2721 ac
2104 2653 2522 2752 voluptatum

459 2753 619 2823 alius
645 2771 800 2822 tuuc
818 2749 1102 2823 deleems
1124 2800 1151 2837 ‚
1186 2753 1275 2824 ita
1294 2777 1510 2825 mores
1527 2752 1675 2834 alii,
1714 2756 1781 2820 &
1803 2750 1869 2821 in
1890 2775 2133 2822 novum
2152 2751 2515 2829 efformatae

457 2848 861 2948 cupiditates.
925 2850 1250 2937 Robustus
1283 2855 1530 2945 animus
1551 2900 1577 2936 ,
1611 2858 1678 2925 δι
1717 2850 1915 2921 veluti
1954 2850 2035 2921 ab
2062 2848 2510 2935 adolescentie

379 3032 386 3038 ,
460 2949 583 3021 cali
634 2949 739 3020 ine
758 2946 1036 3030 emiffuS,
1060 2951 1338 3047 primum
1358 2950 1519 3024 solet
1538 2953 1619 3024 de
1638 2952 1948 3021 anteaffls
1963 2948 2272 3020 erroribus
2292 2952 2507 3023 atroci

400 3052 403 3055 ’
444 3067 581 3121 ‘een
610 3074 715 3120 ura
728 3048 1045 3145 judicare,
1088 3050 1430 3152 mirarique
1451 3049 1511 3123 se
1531 3073 1660 3123 tam
1679 3049 2034 3149 improvide
2057 3046 2323 3148 potuisse
2342 3072 2513 3149 peet-

448 3172 637 3222 ἐπε.
1453 3190 1454 3195 1

446 3282 459 3291 -
554 3249 747 3321 Illinc
768 3246 982 3320 statim
1000 3248 1168 3322 utilis
1186 3250 1598 3348 poenitentiae
1615 3299 1638 3335 ‚
1676 3256 1739 3322 δι
1764 3247 1968 3320 ruinas
1992 3293 2012 3328 ,
2033 3270 2185 3347 quas
2202 3246 2507 3339 juventus

444 3337 694 3417 ‘fecerat
718 3391 742 3426 ‚
781 3348 1182 3420 emendantis
1223 3347 1541 3424 sedulitas.
1614 3353 1847 3446 Opum
1879 3345 2331 3447 honorumque
2348 3372 2503 3447 pra:-
2595 3398 2614 3410 ·

442 3442 677 3538 ‘eipuus
698 3469 880 3518 amor
895 3445 989 3519 est
1012 3457 1120 3539 3&
1142 3449 1309 3547 quali
1331 3473 1649 3547 nunquam
1670 3448 1754 3518 de
1771 3446 1901 3516 vita
1917 3443 2240 3543 deceffuri,
2265 3449 2349 3518 ita
2368 3447 2493 3517 avi·-

442 3539 544 3610 -de
563 3541 642 3612 ad
662 3542 839 3614 illam
860 3544 1191 3622 subfidium
1213 3556 1281 3620 &
1299 3567 1673 3619 ornamenta
1692 3548 2320 3646 quaerunt-Simulare
2336 3546 2495 3618 ami-

439 3637 640 3733 sscitias
663 3685 685 3722 ‚
724 3637 966 3742 suisque
1001 3646 1321 3718 defideriis
1359 3647 1671 3742 imperare
1685 3702 1708 3731 ,
1753 3669 1884 3716 non
1920 3645 2025 3716 alii
2047 3646 2247 3743 magis
2269 3641 2481 3715 sciunt.

453 3741 698 3829 Veram
715 3765 971 3843 quoque
989 3739 1429 3822 fortitudinem
1451 3743 1712 3830 habent,
1735 3743 2046 3848 castigato
2062 3743 2309 3843 impetu
2328 3790 2351 3826 ,
2371 3762 2476 3812 uo·

434 3862 445 3871 '
566 3870 610 3917 .-
703 3886 711 3894 .
1270 3892 1293 3903 .,
1394 3884 1419 3898 ὸ
2109 3871 2113 3874 ’
2351 3860 2471 3943 qoe
