2738 4475
471 255 614 309 η.
979 233 1497 311 Euruonu.
1550 237 2057 309 sim-nrm

407 346 412 351 ’
474 368 653 423 terea
672 349 953 451 legeram
971 356 1394 453 Epitaphium
1417 356 1696 431 Sibronii
1713 351 2014 426 Consulis
2033 401 2055 437 ‚
2079 350 2250 452 qu'od
2273 352 2337 425 in
2356 382 2538 455 quo·

484 452 638 524 dam
655 452 881 523 libello
893 457 963 527 in
977 454 1112 525 haec
1128 458 1317 529 verba
1335 475 1723 552 conceptum
1740 453 1856 527 est.
1909 456 2235 550 Depofimm
2269 458 2531 527 Sibrom'i

489 551 743 649 Confidis
762 609 780 634 ,
833 559 936 647 qui
973 561 1307 629 Larentiam
1341 556 1479 627 bono
1505 558 1851 626 acerrimam
1885 554 2311 649 conficraeveraet
2348 579 2523 645 men·-

483 669 606 722 um
623 706 643 733 ,
697 654 851 723 domi
857 653 1115 751 forisque
1129 658 1482 751 clarisstmus,
1505 657 1758 726 omnium
1773 656 1834 724 in
1855 652 2132 748 juvanda
2144 656 2341 749 patria
2351 658 2525 750 prin-

479 771 631 845 ceps.
691 758 888 848 Qum
938 756 1285 851 ampliffimis
1331 760 1394 826 in
1440 753 1714 850 Rcmpub.
1764 756 1986 823 meritis
2029 757 2255 854 clarum
2282 758 2526 850 populus

481 846 779 942 interfecit
795 908 815 935 ,
870 878 944 924 ne
972 855 1296 947 dissimilem
1333 856 1557 927 exitum
1583 854 1889 950 fimiretur
1903 852 2100 948 priscis
2114 854 2527 948 Rerumpubli·

473 968 615 1021 rum
627 952 891 1043 patribus
909 1009 932 1038 ,
967 955 1438 1051 quorumfimper
1452 957 1715 1051 exemplo
1731 957 1973 1026 vixerat.

477 1038 545 1141 ᾗ
561 1049 824 1149 ρΤιιῑίιιε
861 1075 1019 1152 ergo
1050 1075 1215 1124 ratus
1255 1054 1582 1126 Percantis
1598 1056 1869 1148 gratiam
1888 1048 2196 1123 machinis
2213 1049 2521 1122 omnibus

365 1171 371 1179 ’
476 1142 753 1230 adoriri,
784 1151 900 1220 illo
937 1176 1113 1222 curas
1150 1176 1378 1224 omnes
1413 1151 1860 1230 intenderam,
1897 1174 1979 1220 ne
1993 1148 2160 1247 quod
2177 1149 2517 1248 officiige·

476 1266 596 1316 nus
626 1250 1025 1321 omitterem.
1078 1250 1205 1323 Sed
1239 1253 1371 1344 jam
1412 1250 1666 1322 ‘noster
1680 1249 2017 1321 Athenion
2037 1244 2515 1347 philosophiam

467 1344 873 1441 projecerat,
922 1356 984 1421 Bc
1024 1349 1090 1419 in
1132 1350 1270 1423 haec
1288 1350 1445 1423 vitia
1462 1374 1531 1422 ut
1548 1350 1824 1450 primum
1843 1343 2312 1445 potuitlapsus‚
2364 1372 2512 1447 quae

467 1443 800 1539 quondam
833 1451 901 1520 in
937 1450 1072 1521 aliis
1112 1471 1247 1522 tam
1282 1448 1531 1524 severus
1570 1446 1789 1522 censor
1807 1453 2136 1519 notaverat
2157 1495 2182 1531 ‚
2222 1446 2517 1545 asperna-

474 1538 658 1615 batur
694 1546 1063 1622 affeetatum
1093 1548 1510 1652 obsequium3
1546 1552 1745 1623 totius
1766 1545 2028 1619 familiae
2047 1546 2514 1620 adulationibus

471 1638 677 1714 lassus.
733 1651 824 1720 Et
857 1671 1158 1747 praeterea
1192 1651 1237 1723 fi
1274 1676 1381 1723 me
1418 1652 1751 1724 humanius
1768 1674 1846 1746 ap
1933 1644 2173 1727 llaffet,
2212 1648 2516 1733 timebat,

474 1764 558 1813 ne
577 1742 876 1820 homines
899 1749 1329 1822 meminissent
1352 1751 1716 1822 communis
1742 1772 1829 1819 no
1890 1771 1976 1819 τε
1990 1743 2200 1817 sortis.

580 1845 753 1917 Mihi
786 1870 1006 1920 tamen
1040 1853 1429 1947 aliquantum
1453 1845 1691 1944 profuit
1707 1868 1838 1938 tam
1860 1846 2261 1939 inexpestata
2277 1838 2517 1916 fastidii

471 1948 770 2016 atrocitas
789 1994 810 2026 ‚
851 1957 915 2019 δι
936 1947 1327 2017 documento
1345 1944 1463 2015 fuit
1479 1991 1501 2024 ,
1541 1970 1732 2041 quam
1753 1942 1967 2012 multis
1988 1941 2386 2010 cautionibus
2404 1943 2509 2012 in-

466 2040 628 2110 tima
649 2040 1038 2113 familiaritas
1056 2036 1329 2112 ineunda
1349 2042 1422 2112 fit
1438 2065 1582 2111 cum
1602 2044 1857 2138 ignoto.
1907 2037 2168 2107 Etenim
2185 2059 2375 2132 quam
2394 2061 2511 2110 ex·

468 2137 708 2209 cellens
721 2137 817 2208 est
837 2163 997 2210 νει-κ
1017 2135 1349 2208 consensus
1372 2136 1670 2209 amicitiae
1688 2181 1712 2217 ,
1749 2156 1880 2206 tam
1900 2135 1993 2205 est
2012 2134 2293 2205 difficilis
2311 2158 2519 2236 atque

464 2255 596 2303 rara
616 2239 934 2308 connexio
951 2237 1307 2308 animorum
1326 2287 1349 2322 ,
1403 2237 1492 2308 ita
1504 2235 1723 2307 divina
1740 2257 1928 2333 atque
1946 2232 2265 2332 pratastans.
2319 2241 2512 2311 Nam

462 2349 533 2402 ut
566 2334 724 2404 radii
759 2332 1050 2407 horarum
1070 2333 1350 2422 indices,
1388 2357 1545 2435 quot
1568 2335 1721 2406 rotis
1744 2343 1810 2406 ἃ
1922 2333 2216 2405 uderibus
2237 2358 2515 2435 aguntur

461 2430 536 2500 in
552 2427 899 2504 destinatos
916 2433 1122 2506 cursus
1141 2481 1163 2515 ,
1183 2457 1286 2508 tot
1305 2433 1735 2508 aberrantibus
1752 2436 1820 2505 in
1885 2435 2189 2506 tumentis
2206 2436 2506 2528 mendaci

465 2529 934 2605 monstratione
972 2532 1237 2606 falluntz
1275 2543 1374 2606 Ita
1411 2536 1452 2607 fi
1476 2560 1554 2606 ex
1574 2531 1849 2606 infinitis
1869 2532 2086 2612 rebus,
2121 2558 2274 2630 quae‘
2305 2534 2505 2607 fince-

465 2651 601 2703 ram
620 2628 998 2705 charitatem
1020 2656 1419 2733 componunt
1440 2690 1457 2717 ,
1496 2633 1707 2731 aliqua
1725 2631 1788 2704 se
1806 2629 2098 2703 conditio
2115 2628 2507 2718 subtraxerit,

462 2728 715 2801 laudata
754 2734 1051 2805 amicitiae
1093 2731 1298 2805 forma
1336 2732 1751 2833 degenerabit
1795 2732 1864 2804 in
1882 2729 2304 2828 turpiffimum
2321 2759 2506 2822 mon-

464 2821 682 2902 strum.
739 2831 1027 2903 Primum
1064 2830 1447 2930 amplissirna
1482 2833 1677 2903 virtus
1712 2856 1843 2903 non
1882 2831 2109 2927 ubique
2129 2826 2218 2899 sui
2235 2855 2498 2927 capaces

460 2928 711 2999 animos
744 2929 1031 3021 invenit3
1074 2938 1140 3002 &
1179 2930 1705 3030 magnasdeinde
1740 2953 1986 3002 mentes
2006 2930 2373 3025 plerumque
2387 2955 2500 3001 oc·

461 3048 698 3126 cupant
719 3027 1031 3123 ejusmodi
1046 3030 1457 3127 vitia‚quibus
1477 3030 1713 3101 nullum
1735 3027 1829 3099 est
1849 3025 2128 3097 cumbae
2145 3027 2289 3096 diva
2306 3052 2492 3099 com-0

403 3173 406 3176 -
455 3130 797 3201 mercium.
856 3130 1059 3233 Igitur
1078 3154 1223 3199 cum
1248 3132 1591 3200 maximam
1626 3128 1988 3198 mortalium
2009 3146 2252 3220 partem
2279 3121 2398 3215 (fas
2421 3127 2495 3207 sit

453 3221 712 3323 eloqui)
756 3248 861 3298 aut
898 3253 1120 3326 parum
1135 3224 1310 3324 supra
1334 3227 1607 3327 pecudes
1629 3272 1650 3304 ‚
1688 3248 1790 3296 aut
1804 3247 1978 3296 certe
1996 3215 2158 3294 infra
2174 3226 2496 3326 magnitu·

457 3320 680 3395 dinem
725 3350 917 3423 quam
954 3327 1325 3425 requirimus
1346 3374 1367 3406 ‚
1407 3323 1532 3399 fata
1551 3321 1909 3422 posuerint3
1942 3346 2015 3393 ac
2034 3321 2268 3395 deinde
2286 3345 2488 3399 ratum

454 3414 536 3494 fit
570 3426 820 3534 magnis
839 3421 1203 3496 hominibus
1224 3472 1247 3511 ‚
1287 3449 1352 3498 ut
1376 3426 1641 3500 similem
1662 3424 1910 3493 alterius
1930 3422 2219 3494 indolem
2238 3470 2265 3508 ,
2295 3449 2483 3525 quam

685 3551 688 3558 '
2239 3544 2483 3607 alneu&

448 3655 1443 3810 {aafgfffgrffg’szziazzss&iteam
1502 3670 2481 3824 egiffiffssszffifstfflfiffim

1109 3804 1114 3812 ,
1294 3777 1313 3805 >
1640 3799 1643 3804 .
1768 3798 1779 3808 .
1935 3775 1953 3802 Q

445 3804 577 3874 teda
590 3809 804 3874 Athena·
846 3812 1127 3900 Οάεδηωξ,
1139 3812 1447 3899 εἰιιῖάςεῃυω
2240 3885 2267 3930 ι
2304 3874 2472 3947 m·
