2738 4475
1001 246 1054 316 P
1154 267 1205 318 Α
1283 249 1360 319 ἰ
1464 270 1497 323 s
1586 251 1737 323 11.
2198 244 2355 346 ‘177

250 365 403 442 'rum
444 365 851 466 longissima
895 369 1190 440 oratione
1221 371 1605 470 Protagonis
1642 367 2008 468 potentiam
2046 369 2356 464 exposuit3

244 469 400 564 Qi
451 470 536 541 in
561 466 976 549 matheria,
1032 469 1245 568 inquit
1265 524 1287 553 ,
1347 467 1739 570 amplissima
1762 469 2030 568 regione
2049 514 2074 552 ‚
2131 467 2354 538 Fortu*

238 592 355 638 ιιι
397 565 853 640 sacerdotium
893 569 1118 639 nafius
1159 566 1295 660 est3
1352 573 1420 639 δι
1443 595 1610 641 nunc
1628 589 1820 643 tantae
1843 573 2011 640 Deae
2031 563 2362 640 arbitrium

238 662 587 764 disponit
603 719 626 750 ,
687 669 777 738 vir
793 664 920 738 hoc
940 663 1157 738 seculo
1176 670 1384 758 major
1400 717 1425 753 ,
1452 676 1517 741 δι
1544 668 1771 766 dignus
1793 664 2215 742 fabulantium
2235 664 2365 736 rni-

256 768 531 836 raculis
571 790 777 836 vatum
813 816 837 850 ,
887 764 1053 838 haud
1099 766 1289 844 dubie
1326 768 1514 838 nobis
1550 772 1784 840 amicus
1808 816 1828 846 ,
1882 770 1990 864 qui
2038 764 2360 864 Liphippi

261 864 653 936 cervicibus
673 864 977 936 instamus
999 924 1017 950 ‚
1061 874 1125 938 δε
1151 871 1368 964 utique
1392 868 1732 940 devinfius
1754 866 2142 964 Gephyri0‚
2176 866 2356 962 cujus

263 962 617 1036 beneficio
635 968 833 1036 etiarn
857 964 1001 1062 post
1027 968 1352 1035 interitum
1380 968 1892 1038 vivet.lntellexi
1912 970 2354 1062 Protagonem

259 1060 411 1134 effe
461 1062 573 1136 sub
657 1090 741 1134 uo
787 1072 1099 1134 Anemon
1143 1064 1394 1136 vivebat
1414 1114 1436 1144 ,
1480 1074 1546 1136 δι
1586 1070 1656 1138 in
1700 1066 1876 1156 cujus
1900 1066 2228 1136 civitatem
2250 1088 2356 1136 me

253 1164 533 1234 crebris
553 1092 1113 1234 eilaortationibus
1129 1164 1616 1262 Theophrastus
1638 1164 1978 1238 invitabat..

365 1264 521 1336 Sed
539 1264 695 1334 dum
725 1264 941 1334 inillis
961 1262 1352 1334 sermonibus
1376 1264 1604 1336 diutius
1628 1264 1836 1340 sumus
1858 1314 1882 1352 ,
1920 1288 2074 1340 ecce
2122 1262 2352 1362 ingens
2378 1259 2427 1336 6

251 1366 607 1434 turnultus
655 1364 733 1432 ad
771 1362 993 1434 stabuli
1019 1360 1225 1442 fores,
1269 1372 1336 1434 &
1366 1360 1642 1462 hospites
1662 1390 1738 1436 ex
1760 1364 2132 1438 Eleutheria
2150 1360 2358 1460 splen-

255 1462 453 1532 dido
491 1464 671 1532 cultu
711 1462 1083 1530 adventant.
1137 1468 1291 1532 Nec
1317 1484 1588 1534 moratus
1608 1464 1940 1534 diverfitor
1956 1462 2232 1536 occurrit
2254 1464 2358 1532 in-

251 1560 617 1630 trantibus
643 1616 661 1640 ,
719 1568 784 1630 &
825 1558 1239 1628 humanitatis
1275 1560 1489 1630 officia
1520 1564 1886 1658 pollicitus,
1938 1588 2096 1634 mox
2134 1562 2202 1632 in
2236 1560 2356 1632 tri-

271 1658 507 1726 clinia
529 1656 793 1724 deducit
811 1700 833 1733 ,
891 1654 1177 1752 mihique
1199 1656 1430 1730 deinde
1448 1662 1790 1758 gratulatur
1808 1718 1826 1746 ‚
1910 1660 2034 1732 uod
2056 1656 2356 1732 haberem

281 1754 617 1824 homines
663 1780 819 1824 meae
843 1755 1073 1854 linguae
1099 1802 1121 1838 ,
1159 1755 1526 1854 quibuscum
1546 1756 1776 1830 versari
1792 1690 1978 1830 inilia
1998 1760 2198 1830 domo
2218 1754 2360 1852 pos·

285 1850 465 1926 sem.
524 1854 677 1950 Ego
716 1878 869 1924 vero
891 1854 1173 1925 nondum
1195 1878 1402 1927 certus
1424 1884 1500 1928 an
1518 1858 1864 1956 gauderem
1892 1858 2156 1956 (quippe
2176 1858 2362 1927 Eleu-

277 1954 503 2024 theria
525 1978 659 2022 non
679 1954 877 2050 longe
897 1954 935 2028 ὲ
961 1954 1281 2030 callionis
1305 1958 1504 2052 patria
1528 1956 1810 2054 recessit)
1836 1954 2050 2028 furtim
2070 1976 2364 2024 contem-

283 2054 511 2150 plabar
531 2050 843 2123 familiam
867 2102 885 2136 ,
945 2076 1011 2120 ut
1027 2054 1241 2126 obiter
1261 2056 1544 2128 viderem
1564 2114 1586 2142 ,
1628 2056 1670 2130 fi
1690 2060 1832 2156 quis
1852 2082 1930 2126 ex
1950 2058 2066 2126 illo
2084 2054 2362 2126 comita-

291 2174 365 2222 tu
401 2150 663 2226 usitatus
703 2152 865 2222 mihi
901 2148 1083 2224 effer..
1133 2158 1456 2254 Frequens
1482 2154 1802 2228 servitium
1824 2154 2154 2254 gentilitio
2170 2174 2352 2224 more

297 2250 653 2322 turbaverat
673 2252 963 2336 domun-15
993 2256 1299 2353 puerique
1320 2256 1745 2353 petulantibus
1766 2258 1916 2326 rixis
1940 2278 2120 2353 paene
2142 2252 2348 2350 ipsum

298 2350 737 2424 diverfitorem
777 2350 1159 2425 obruerant:
1215 2355 1516 2427 dominus
1552 2379 1766 2429 autem
1804 2359 1872 2427 in
1894 2357 2184 2425 interiori
2204 2353 2350 2423 tha-

296 2455 477 2523 lamo
497 2471 635 2519 erat
655 2497 677 2529 ‚
717 2453 1213 2551 procur-:ibatque
1235 2451 1456 2525 fefl'um
1478 2481 1706 2553 corpus
1732 2511 1752 2539 ,
1812 2463 1874 2525 δι
1902 2455 2096 2523 credo
2114 2453 2192 2523 ad
2216 2449 2356 2549 spe-

309 2553 533 2621 cimen
549 2549 902 2617 nobilitatis
923 2553 1231 2641 majorem
1257 2557 1602 2625 mollitiem
1624 2553 1936 2651 fingebat.

332 2691 346 2695 -
415 2647 569 2743 Ego
589 2645 993 2743 posteaquam
1017 2653 1253 2721 nullum
1275 2677 1354 2723 ex
1374 2651 1790 2729 familiaribus
1808 2649 2042 2747 agnovi
2066 2693 2088 2731 ‚
2114 2671 2258 2718 cum
2278 2643 2358 2715 il-

303 2749 433 2821 lius
475 2747 597 2815 viri
637 2747 995 2841 potentiam
1031 2771 1107 2817 ex
1151 2747 1466 2823 servorum
1492 2751 1746 2825 audacia
1770 2751 2068 2835 metirer,
2120 2771 2228 2821 me
2272 2769 2358 2817 ex

303 2845 571 2921 latebris
611 2842 889 2943 angustae
909 2869 1171 2919 camerae
1191 2851 1496 2947 produxi,
1557 2851 1940 2951 quaesivique
1960 2849 2208 2923 domini
2230 2871 2352 2917 no-

299 2971 491 3027 men,
547 2951 615 3015 δί
655 2947 1121 3015 commercium
1159 2949 1390 3047 lingua:
1412 2951 1956 3027 inbenevolentiae
1978 2953 2206 3049 pignus
2228 2945 2352 3015 ob-

299 3049 445 3119 tuli.
503 3045 701 3115 Nulla
725 3069 885 3143 gens
905 3041 997 3115 est
1019 3093 1041 3125 ‚
1095 3073 1235 3145 quae
1257 3053 1560 3147 prolixius
1586 3053 2048 3123 humanitatem
2070 3045 2234 3117 nihil
2252 3067 2354 3111 au-

305 3145 621 3217 ferentem
647 3167 923 3241 promat.
959 3147 1067 3217 Illi
1083 3175 1225 3219 mea
1249 3177 1450 3247 prope
1466 3153 1728 3247 vestigia
1748 3147 1962 3221 inutili
1982 3143 2359 3215 salutatione

311 3243 659 3341 tangebant
681 3291 703 3323 ,
757 3267 1111 3343 caeteraque
1131 3247 1448 3319 addebant
1464 3249 1944 3329 blandimenta,
1996 3267 2132 3343 quae
2172 3263 2356 3339 paene

309 3339 597 3417 infantes
629 3367 1053 3441 pei-noverunt
1079 3373 1095 3417 :
1153 3371 1454 3419 caeterum
1476 3347 1748 3419 domino
1772 3343 1880 3413 suo
1902 3343 2212 3435 Stratonis
2236 3365 2360 3413 no-

309 3469 469 3519 men
499 3439 625 3511 esse
644 3439 933 3535 aiebant3
985 3445 1163 3517 illum
1191 3471 1404 3519 rerum
1428 3469 1782 3517 exterarum
1806 3441 2144 3513 studiosum
2164 3493 2186 3527 ‚
2210 3441 2352 3537 pul-

303 3541 695 3613 chen-imum
715 3543 1041 3639 ingenium
1061 3549 1362 3617 excolere
1402 3541 2042 3643 peregrinationibus,
2066 3551 2128 3613 δε
2156 3541 2352 3611 mein

303 3637 637 3714 felicitatis
667 3665 845 3740 parte
863 3643 1199 3717 duantum
1221 3693 1242 3723 ‚
1287 3645 1330 3715 Γι
1360 3649 1422 3715 in
1444 3669 1578 3715 tam
1603 3643 1702 3711 ele
1754 3645 1910 3711 antis
1936 3641 2218 3711 hominis
2242 3665 2358 3709 no-

299 3743 523 3847 titiem
561 3743 989 3843 pervenirem.
1047 3751 1229 3823 Tum
1265 3751 1332 3815 δε
1356 3771 1484 3847 ego
1502 3667 1779 3817 verboffae
1802 3739 2180 3817 humanitati
2198 3741 2364 3907 libe-

1227 3845 1309 3917 M
2156 3861 2222 3907 ra
2248 3839 2372 3913 iter
