2738 4475
479 213 620 306 258
988 210 1509 284 Euruonu.
1566 207 2068 281 Sita-ruer

475 334 566 404 tis
595 348 818 405 manat
834 381 860 419 ,
899 332 1106 431 pridie
1142 355 1257 431 per
1284 354 1534 426 errores
1571 338 1638 404 &
1656 329 1948 403 tenebras
1971 330 2363 430 peneniflc3
2388 336 2535 411 *de-'-

479 457 662 506 mum
684 431 954 532 Acignii
974 455 1186 513 manu,
1203 431 1284 505 ad
1303 430 1467 502 hanc
1486 452 1725 516 arcem,
1744 433 1920 502 velut
1940 430 2019 502 ad
2040 428 2377 529 hospitium
2394 439 2535 511 effe

475 530 880 630 perdufium.
953 535 1108 605 Nec
1158 532 1271 603 ille
1290 529 1527 612 audito
1563 530 1831 629 Acignii
1865 531 2133 602 nomine
2167 535 2528 618 cunctatus,

477 632 627 702 Illic
648 676 669 712 ,
692 629 901 729 inquit
917 678 939 711 ‚
978 652 1237 727 oportet
1256 627 1542 712 habitare
1561 658 1603 711 ε,
1630 630 1986 716 turrimque
2004 629 2072 701 in
2094 633 2395 729 proximo
2408 660 2519 706 an-

470 727 737 829 gustiori
769 753 961 828 quam
993 749 1252 802 caeteras
1284 725 1497 826 specie
1530 725 1840 801 ostendit.
1875 731 2077 804 Plane
2095 728 2320 803 eadem
2338 734 2541 820 turris=

472 847 649 913 erat,
687 827 754 898 in
785 852 912 926 qua
945 848 1087 899 tota
1119 824 1315 921 noete
1344 829 1682 919 jacueram.
1725 825 1919 901 Nihil
1933 827 2153 928 itaque
2171 835 2526 932 repugnavi

467 927 856 1024 imperanti,
883 924 1317 1026 aversatusque
1335 951 1473 1000 non
1491 927 1912 1002 voluntariam
1951 925 2223 1002 domum
2241 978 2272 1017 ‚
2299 933 2370 1005 in
2393 953 2526 1006 tur.

465 1026 621 1114 rim,
640 1026 811 1098 velut
826 1028 897 1099 in
914 1025 1372 1112 conditorium,
1395 1027 1651 1112 intravi,
1936 1081 1937 1084 ,

545 1126 714 1224 ,Jam
735 1149 961 1198 omnes
983 1125 1061 1197 ad
1080 1116 1280 1198 certas
1299 1121 1588 1198 sederant
1604 1125 1804 1224 dapes
1823 1171 1846 1206 ‚
1869 1130 1887 1163 ⁸
1910 1124 2196 1225 mihique
2213 1146 2515 1227 tanquam

466 1222 908 1295 inLaconiam
947 1222 1216 1296 admisso
1255 1223 1453 1298 subita
1473 1223 1791 1297 hereditas
1806 1224 1903 1298 est
1925 1228 2136 1297 allata.
2189 1230 2519 1304 Caeterum

466 1346 676 1420 neque
712 1324 856 1394 luxu
883 1322 1194 1394 ⁴notabilis
1231 1321 1445 1397 mensa
1461 1321 1785 1396 laboriofis
1798 1319 2065 1397 ferculis
2091 1319 2517 1425 premebatur.

463 1445 675 1519 neque
692 1420 1041 1493 tristiffim'a
1057 1421 1258 1496 fames
1276 1424 1448 1497 inter
1467 1423 1791 1496 modicum
1813 1430 1881 1497 &
1899 1423 2250 1523 parabilem
2269 1427 2511 1499 vistum

461 1519 758 1592 audiebat
777 1570 802 1605 ‚
835 1518 943 1593 sed
964 1516 1011 1591 ὃ
1037 1544 1174 1594 rem
1238 1550 1379 1598 aene
1401 1523 1846 1612 incredibilem
1866 1525 2224 1623 inexpertis
2250 1537 2269 1598 Ξ
2298 1528 2516 1597 omnis

463 1616 629 1691 mihi
661 1643 992 1719 apparatus
1017 1549 1310 1696 sordebat
1328 1672 1354 1709 ‚w
1395 1623 1650 1722 cibique
1670 1625 1864 1697 etiam
1885 1623 2027 1724 post
2049 1626 2360 1717 jejunium
2383 1682 2406 1712 ,
2447 1629 2520 1697 δε

459 1718 750 1792 laborem
773 1721 1014 1793 viarum
1036 1769 1061 1805 ,
1101 1718 1426 1806 fastidioso
1459 1719 1641 1793 fumo
1679 1720 2089 1795 aversantem·
2117 1722 2523 1798 stomachum

464 1818 866 1917 premebant.
900 1819 1067 1892 Illud
1080 1844 1294 1894 autem
1316 1820 1522 1893 multo
1543 1820 1689 1915 post
1709 1822 2023 1896 intellexi,
2046 1819 2135 1888 ibi
2152 1820 2352 1915 dapes
2373 1837 2522 1896 cum

462 1921 945 1991 convivantium
961 1914 1294 1989 affectibus
1314 1912 1694 2006 consentire.
1747 1918 1815 1989 si
1832 1918 1976 2013 quis
1992 1913 2087 1983 sua
2107 1912 2340 2008 sponte
2356 1922 2423 1990 in
2443 1945 2521 1994 ea

460 2017 667 2087 domo
701 2016 1084 2113 Eutychiana
1175 2016 1350 2085 uaerit
1372 2058 1393 2092 ‚
1425 2010 1758 2107 liberoque
1795 2013 2010 2082 animo
2031 2011 2244 2080 inillis
2262 2011 2521 2089 sedibus

457 2111 655 2182 haeret
676 2158 700 2194 ,
744 2136 877 2181 non
912 2108 1111 2182 modo
1154 2106 1515 2183 uaviffimos
1534 2104 1733 2179 habet
1753 2108 1973 2193 cibos,
2013 2104 2117 2178 sed
2139 2107 2321 2178 illum
2345 2135 2513 2210 quo·-

452 2229 581 2305 que
613 2205 849 2305 vigiliae
866 2204 1190 2279 delectant
1211 2257 1236 2296 ‚
1275 2213 1343 2280 δι
1364 2206 1470 2277 alii
1485 2203 1766 2290 labores,
1807 2209 1917 2308 qui
1935 2230 2040 2280 me
2059 2204 2149 2277 ibi
2164 2225 2515 2308 tantopere

450 2325 828 2377 terruerunt.
867 2300 1224 2379 'Caetcrum
1245 2305 1289 2378 li
1310 2330 1473 2407 quos
1492 2329 1670 2377 error
1687 2355 1712 2390 ‚
1737 2328 1841 2378 aut
1857 2307 2167 2379 violentia
2183 2351 2206 2387 ,
2248 2330 2358 2380 aut
2380 2335 2517 2383 non

453 2404 763 2479 duraturae
785 2402 1107 2478 blanditia
1127 2451 1153 2485 ‚
1190 2405 1263 2477 in
1277 2406 1455 2477 illum
1473 2404 1694 2476 locum
1713 2408 1912 2480 veluti
1935 2407 2003 2477 in
2020 2429 2347 2479 carcerem
2369 2433 2520 2508 pro-

459 2505 699 2576 ducunt
720 2532 739 2575 t
780 2503 1121 2598 inquietati
1140 2503 1543 2602 impatientia
1558 2507 1829 2591 mentis,
1844 2508 1867 2538 ²
1886 2529 2017 2575 non
2038 2506 2222 2577 aliter
2238 2531 2430 2604 quam
2449 2511 2517 2581 in

456 2602 843 2699 Promethei
857 2600 1005 2674 saxo
1023 2605 1423 2675 vivunt.nam
1442 2625 1558 2672 nec
1579 2603 1804 2677 locum
1812 2601 2099 2704 effugere
2117 2603 2266 2702 poss
2256 2627 2521 2689 unt‚ncc

459 2704 861 2800 impatientis
880 2703 1079 2774 animi
1098 2701 1425 2775 stimulum
1445 2736 1469 2783 ‚2
1490 2701 1599 2800 qui
1619 2706 1687 2772 &
1704 2700 1920 2778 sedem
1942 2713 2006 2778 δι
2026 2706 2244 2801 epulas
2263 2704 2430 2777 odit.

564 2795 878 2875 Refefiius
896 2802 1094 2899 igitur
1115 2799 1379 2873 modico
1394 2825 1555 2898 pane
1577 2803 1842 2903 (quippe
1859 2803 2065 2876 minus
2085 2800 2193 2873 dis
2181 2805 2523 2900 plicuerat>

467 2894 1101 2996 de.mensa,.publico
1122 2895 1410 2997 discessu,
1432 2899 1815 2983 consurrexi,
1844 2903 2171 2998 vitatoque
2188 2898 2518 2977 sociorum

463 2995 793 3071 consortio
810 3054 830 3082 ,
874 3023 986 3097 per
1006 2998 1290 3093 mediam
1308 2998 1587 3085 turbam,
1604 2998 1870 3093 dejectis
1888 2997 2256 3079 luminibus,
2282 3000 2513 3102 effisgi.

463 3120 660 3197 atque
699 3097 794 3169 illi
810 3098 1083 3170 modicis
1107 3097 1639 3170 ambulationibus
1662 3097 1745 3169 nfi
1766 3154 1787 3183 ,
1836 3097 1915 3169 ad
1935 3095 2277 3170 constituta
2295 3099 2523 3175 officia

464 3189 923 3271 dilabebantur.
944 3201 1096 3299 Ego
1116 3221 1271 3272 vero
1291 3198 1422 3293 jam
1443 3197 1632 3273 nimis
1648 3198 1910 3298 cognita
1928 3192 2171 3270 familia
2187 3244 2209 3281 ,
2229 3193 2448 3299 fugam
2475 3201 2519 3274 ὲ

527 3316 532 3321 ’
739 3367 746 3375 .
2298 3297 2518 3371 custo-

529 3408 565 3473 ’ῐ
607 3427 806 3497 Mihique
827 3440 1031 3497 ωηερε
1052 3428 1102 3480 ἐκ
1126 3424 1342 3481 {tanim
1374 3429 1459 3480 ad-
1518 3429 1716 3496 dam-J
1746 3433 1943 3483 Poenam
1954 3429 2221 3484 Promethei
2240 3443 2422 3499 propter
2432 3445 2515 3480 ra-

467 3493 626 3558 mma]
643 3495 777 3560 Juxta
790 3500 985 3568 Lycurgi
997 3500 1162 3567 legem.
1195 3505 1271 3550 De
1284 3496 1458 3563 jusculo
1519 3513 1654 3567 ptum
1668 3498 1697 3551 e
1710 3503 1836 3551 coelo
1850 3501 2013 3567 ignem
2030 3512 2207 3555 ποι-ωε
2220 3501 2378 3567 pueri3
2412 3514 2510 3566 qua

471 3563 610 3637 nigro
624 3566 834 3615 Laconiae
849 3599 869 3626 ‚
879 3566 1008 3634 quod
1021 3583 1120 3617 non
1134 3565 1230 3617 fine
1241 3569 1460 3619 exercita-
1519 3570 1703 3621 ratione
1728 3570 1943 3639 alligatus
1959 3567 2101 3619 fixerit
2114 3581 2277 3619 catena
2290 3567 2433 3623 ferrea
2446 3567 2508 3618 ad

472 3642 610 3709 none
623 3635 830 3699 corporis
846 3632 1049 3700 sapiebat
1064 3669 1080 3694 ‚
1100 3637 1364 3702 exemplum
1380 3636 1458 3687 ha·
1520 3634 1780 3689 Caucasum
1793 3672 1812 3697 ‚
1839 3636 2085 3705 quomodo
2099 3637 2210 3687 inde
2222 3649 2400 3714 ereptus
2414 3649 2507 3700 ope

478 3695 559 3747 bct
574 3699 746 3751 illustre
769 3703 941 3753 cicero
962 3705 1012 3752 in
1024 3699 1206 3753 'rust-ul.
1522 3707 1740 3756 Mermtii
1782 3706 1863 3773 qui
1890 3706 2114 3772 Aquilam
2140 3703 2401 3785 Promethei
2421 3717 2501 3751 re·-

532 3782 561 3818 2
597 3774 697 3822 uon
719 3770 849 3820 aliur
868 3789 996 3838 qum
1021 3776 1070 3822 t'n
1085 3771 1336 3823 Promethei
1348 3774 1461 3840 saxo
1516 3771 1709 3827 nascens
1722 3776 1851 3841 jecut
1861 3772 2111 3830 rodentem
2120 3773 2317 3892 nocida-¹
2351 3844 2392 3892 Ρ
2441 3849 2513 3892 ω

1353 3860 1360 3865 .
2022 3860 2025 3863 .
2393 3854 2442 3888 η
