2738 4475
747 278 1308 351 'Paua
1433 287 1598 352 111.
2125 293 2253 382 323

207 391 440 471 statem
463 399 750 498 propitia
768 395 1012 471 fortuna
1035 400 1345 482 vicerunt,
1363 403 1473 498 qui
1496 403 1561 470 in
1583 400 1765 497 apice
1786 395 2137 468 studiorum
2162 426 2269 470 au-

208 514 358 569 reos
395 523 657 597 quoque.
693 496 907 571 fontes
929 509 995 573 &
1017 496 1424 570 ambitiosum
1446 503 1652 568 otium
1677 502 2003 570 invenere.
2038 497 2179 569 Sed
2202 499 2267 570 in

202 597 340 668 illis
358 595 487 694 ipse
508 595 680 669 casus
706 603 916 696 potius
985 625 1128 670 uam
1152 598 1432 669 eruditio
1453 594 1602 668 felix
1626 594 1737 669 fuit
1757 646 1778 681 ,
1817 604 1882 672 δι
1905 593 2128 668 saltem
2149 622 2268 667 nu·—

201 696 519 767 meranda
539 701 854 792 paucitate
873 627 1181 769 insaniant
1206 693 1525 768 Musarum
1544 698 1925 795 egestatem,
1944 720 2086 793 quae
2109 721 2265 791 pau-

208 795 424 864 ciores
446 819 635 893 quam
658 799 803 868 vilia
821 820 925 869 aut
941 797 1230 896 pudenda
1266 794 1537 866 artificia
1572 797 1651 867 ad
1693 797 2032 868 humanam
2067 791 2264 872 subli-

214 894 523 964 mitatem
543 898 867 968 attollunt.
1578 963 1587 969 .

325 991 687 1065 Desolanda
719 998 917 1096 igitur
948 1017 1268 1067 tantorum
1289 997 1657 1069 Numinum
1677 993 1899 1064 limina
1920 1039 1941 1073 ‚
1966 1001 2029 1066 &
2054 995 2258 1066 literis

205 1087 582 1189 inexpiabili
603 1093 937 1195 sacrilegio
952 1098 1174 1189 ejeffls
1198 1144 1221 1179 ,
1245 1092 1503 1166 foeditas
1520 1093 1927 1164 barbarorum
1951 1117 2260 1166 annorum

203 1194 573 1264 revocanda
598 1194 831 1268 ?Abfit
853 1217 918 1265 ut
943 1220 1053 1292 per
1072 1219 1323 1266 tantum
1344 1193 1663 1292 flagitium
1686 1194 1886 1263 velim
1910 1190 2103 1266 fatum
2125 1196 2257 1286 jam

198 1288 483 1362 labentis
505 1291 884 1366 eruditionis
947 1294 1458 1392 raecipitari2quae
1480 1290 1522 1362 fi
1540 1315 1685 1364 vere
1703 1289 2107 1376 aestimamus,
2132 1319 2255 1364 nos

197 1387 246 1459 ὲ
269 1390 590 1488 pecudum
613 1395 861 1462 vilitate
889 1320 1129 1464 seduxit
1148 1442 1171 1477 ,
1210 1390 1500 1486 soletque
1524 1393 1832 1489 praecipue
1850 1393 2259 1492 cognationis

187 1511 356 1561 vcum
394 1491 563 1562 caelo
600 1490 946 1560 admonere
968 1523 991 1578 3
1019 1490 1126 1561 sed
1160 1516 1279 1562 nec
1320 1491 1521 1561 velim
1560 1493 1956 1582 juventutem
1977 1491 2262 1564 aberrare

191 1590 388 1657 velut
407 1586 744 1661 sirenibus
766 1588 1098 1683 deceptam
1119 1635 1140 1668 ,
1176 1591 1347 1660 nulla
1367 1588 1708 1685 praesertim
1729 1592 2120 1688 poenitentia
2138 1591 2265 1663 uti-

199 1684 366 1755 liter
381 1685 557 1756 illius
575 1688 891 1782 temporis
910 1685 1238 1759 confilium
1254 1688 1664 1760 emendante.

313 1786 530 1886 Igitur
566 1784 949 1857 domesticas
981 1790 1231 1859 amoliri
1266 1785 1582 1885 angustias
1620 1794 1683 1860 δι
1711 1781 1971 1858 fascium
1989 1786 2265 1886 dignita-

198 1909 348 1962 tem
377 1883 670 1958 volentes
689 1884 999 1983 respicere
1014 1933 1034 1965 ‚
1056 1889 1183 1960 acri
1203 1888 1465 1987 quidem
1487 1890 1734 1985 impetu
1751 1884 2124 1958 incumbant
2141 1886 2268 1956 illis

195 1989 412 2062 literis
482 2005 586 2053 uas
613 1988 816 2083 magis
837 1987 1122 2083 propitio
1141 1988 1388 2084 impetu
1408 1987 1485 2056 iis
1509 2008 1724 2058 natura
1744 1984 2129 2057 admoveritt
2154 1983 2271 2058 nist

197 2086 378 2164 forte
421 2011 692 2156 flexibili
729 2085 995 2184 inge‘nio
1026 2086 1268 2184 eligere
1288 2083 1489 2155 studia
1509 2133 1532 2169 ‚
1553 2095 1619 2160 &
1642 2106 2109 2183 repugnantem
2129 2087 2267 2156 ani-

203 2212 386 2264 mum
403 2208 628 2286 regere
646 2179 916 2283 poss'unt:
940 2206 1244 2257 caeterum
1269 2205 1336 2255 ut
1355 2181 1417 2257 se
1436 2186 1745 2278 aperuerit
1763 2183 2061 2257 floridior
2081 2207 2259 2266 aetas,

205 2297 284 2361 ’δε
329 2312 490 2360 verae
527 2310 693 2357 curae
727 2309 837 2384 per
870 2287 1120 2385 primos
1143 2283 1437 2356 stimulos
1462 2282 1917 2360 solicitaverint
1937 2308 2255 2369 mentem,

210 2412 343 2460 non
359 2385 620 2487 quidem
639 2387 997 2483 relinquant
1016 2383 1183 2483 ipsas
1207 2381 1419 2457 Musas
1449 2386 1684 2486 (neque
1712 2407 1844 2457 tam
1865 2386 1996 2455 levi
2016 2384 2259 2456 sarcina

209 2488 688 2585 opprimentur)
732 2481 834 2553 sed
869 2510 973 2555 eas
1002 2483 1218 2557 secum
1258 2488 1432 2555 velut
1454 2484 1531 2556 ad
1552 2486 1876 2556 utiliorem
1900 2505 2261 2554 mercatum

216 2586 716 2656 circumducant.
766 2584 944 2654 Tum
981 2585 1258 2681 primum
1297 2583 1442 2655 suos
1478 2608 1688 2658 mores
1722 2581 1898 2652 civili
1930 2579 2260 2651 venustate

220 2688 342 2755 ‘nec
379 2677 806 2778 perfunflmria
840 2678 1237 2753 solicitudine
1272 2684 1414 2755 miti
1466 2705 1577 2754 ent
1596 2729 1617 2763 ,
1657 2702 1793 2753 tum
1832 2675 1962 2776 ipsa
1985 2680 2260 2750 comitas

221 2800 537 2877 amorque
567 2774 837 2852 solertiae
861 2829 884 2865 ,
919 2788 985 2854 &
1022 2806 1165 2852 cura
1185 2709 1484 2878 placendi
1500 2831 1520 2860 ‚
1556 2804 1691 2854 tum
1714 2778 1947 2852 fraudis
1970 2787 2038 2852 &
2058 2780 2260 2852 mala-

208 2905 351 2953 rum
387 2883 621 2952 artium
638 2874 969 2978 disciplina
986 2928 1006 2960 ‚
1030 2906 1160 2951 non
1181 2883 1247 2952 in
1266 2884 1466 2964 usum,
1488 2879 1592 2954 sed
1612 2883 2000 2959 cautionem,
2027 2894 2101 2951 ae
2117 2874 2259 2950 for-

208 2974 356 3054 tass‘e
396 2977 681 3081 speciem
715 2982 1160 3080 invigilantem
1195 2984 1479 3055 animum
1497 2978 1826 3054 informet.
1877 2982 1968 3053 Et
1990 2979 2259 3076 quidem

220 3086 317 3170 (ut
350 3082 655 3153 omittam
688 3083 796 3179 qui
837 3081 901 3151 in
923 3076 1596 3182 forum‘prorumpunt,
1615 3082 1815 3154 civica
1834 3102 2006 3150 arma
2021 3080 2260 3146 incon-

213 3177 391 3271 sultis
420 3179 762 3261 vendituri)
809 3206 926 3279 pro
955 3206 1194 3282 genere
1232 3206 1303 3253 ac
1340 3178 1591 3253 fortuna
1630 3177 1902 3250 transeat
1922 3176 2168 3268 juvenis
2188 3176 2260 3247 in

209 3274 540 3351 fafflosam
561 3278 948 3351 clientelam.
999 3278 1095 3352 lbi
1116 3305 1236 3379 pro
1252 3281 1550 3352 omnibus
1579 3278 1700 3349 diis
1720 3298 2056 3375 patronum
2076 3273 2255 3346 suum

207 3381 452 3479 placet,
476 3400 607 3448 non
620 3382 826 3478 gravis
847 3375 1264 3452 affectatione
1285 3379 1597 3479 paritatis,
1617 3399 1720 3448 aut
1742 3373 1990 3446 sordida
2008 3375 2260 3471 vilitate

208 3479 527 3572 dejectus.
591 3479 715 3552 Sed
749 3485 815 3551 &
841 3479 955 3550 ista
977 3480 1312 3577 prudentia
1329 3477 1504 3549 estin
1527 3477 1826 3577 eligenda
1841 3472 2140 3547 servitute
2159 3498 2257 3547 te-

210 3578 728 3675 nend23primum
750 3602 818 3650 ut
837 3579 1014 3680 quod
1035 3581 1353 3677 praecipue
1371 3579 1547 3676 genii
1567 3579 1813 3671 impetu
1833 3574 2112 3674 potes‚id
2132 3573 2257 3660 est,

206 3703 335 3777 qua
371 3677 771 3776 potiffimum
811 3681 1059 3750 emines
1079 3677 1235 3747 dote
1249 3723 1272 3757 ‚
1307 3678 1375 3748 id
1396 3697 1501 3748 aut
1523 3675 1719 3771 poffit
1736 3670 2125 3775 cognoscere
2143 3701 2259 3770 pa·-

203 3799 429 3853 tronus
449 3835 472 3867 ,
515 3789 618 3853 aut
640 3780 858 3869 mirari
882 3773 1158 3870 3deinde
1178 3798 1243 3848 ut
1263 3801 1380 3944 ἕξει·
1396 3773 1695 3848 altiffima
1711 3797 1976 3874 quaeque
1994 3771 2261 3880 flumin-a

1374 3901 1421 3945 a.
2085 3889 2267 3940 navi-
