2738 4475
430 239 572 325 180
907 233 1249 311 Eueno
1274 256 1435 310 nu.
1466 239 1877 321 ·2Sn,·1·anx
1904 251 2005 307 cr

487 358 825 436 „omnino
862 364 1079 436 anxius
1101 385 1318 449 eram,
1379 387 1501 434 nec
1525 384 1820 462 poteram
1838 357 2293 448 comminisci,
2327 364 2489 465 qui-

412 460 534 533 bus
558 459 955 561 potiffimum
979 460 1368 534 sermonibus
1388 482 1524 534 tam
1546 461 1842 562 ambigua
1864 464 2095 536 veritas
2117 463 2484 561 explicare„

413 582 543 635 tur.
593 568 819 660 ltaque
856 562 1057 634 modo
1092 562 1176 634 de
1226 561 1395 634 illius
1416 559 1751 661 splendore
1773 611 1795 643 ,
1832 562 2036 634 modo
2053 563 2135 634 de
2155 560 2478 637 servitutis

413 659 846 733 incommodis
878 660 1227 760 loquebar,
1285 659 1392 734 sed
1427 658 1509 732 ad
1566 683 1894 760 utramque
1909 657 2164 735 scenam
2184 665 2474 761 pervica-

414 784 562 832 cem
593 783 941 831 armaverat
979 756 1263 837 fiontem
1280 808 1303 844 ‚
1343 769 1410 834 δι
1437 784 1605 834 nunc
1622 762 1863 860 exiguo
1882 759 2000 833 risu
2027 810 2049 842 ,
2104 787 2274 834 nunc
2294 759 2475 843 secu-

412 861 539 945 ris,
584 858 783 931 veluti
804 860 1027 931 alienis
1050 863 1231 933 malis
1250 859 1741 961 ingemisceret,
1780 885 1924 933 mea
1952 861 2081 932 tela
2101 860 2370 932 vitabat.

456 1005 461 1011 ·
516 961 769 1032 Verum
798 980 867 1029 ut
906 959 986 1032 acl
1024 961 1342 1037 Gallionis
1394 958 1845 1060 Percantisque
1881 960 2141 1032 nomina
2179 962 2472 1058 perveni,

415 1077 556 1129 tum
574 1057 641 1127 in
664 1059 868 1130 oculis
893 1058 1092 1147 subita
1112 1059 1488 1132 verecundia
1505 1085 1780 1138 omnem
1791 1056 2209 1132 constantiam
2230 1058 2474 1130 destru-

416 1158 513 1231 xit
534 1207 558 1243 ,
605 1153 1007 1258 consusaeque
1028 1158 1334 1232 indicium
1355 1161 1590 1259 lingua:
1612 1157 1897 1253 prodidit
1914 1159 2193 1231 animum
2216 1156 2467 1232 haeren-

416 1258 508 1329 tia
529 1253 720 1327 verba
739 1257 806 1329 in
826 1254 1024 1328 subita
1041 1259 1475 1352 trepidatione
1498 1260 1905 1330 molientem.
1959 1255 2147 1332 Nihil
2167 1258 2334 1329 aliud
2352 1284 2470 1328 ex-

418 1353 715 1455 pe&abat
734 1404 759 1441 ,
795 1380 990 1456 quam
1023 1373 1093 1428 ut
1110 1357 1294 1429 illum
1315 1361 1382 1429 in
1403 1353 1748 1454 conspefiu
1770 1356 2180 1430 ministrantis
2204 1352 2542 1428 familia*

419 1454 819 1551 apertissimo
849 1455 1093 1556 pudore
1126 1455 1521 1531 damnarem.
1573 1459 1805 1529 Timui
1824 1458 2017 1530 etiam
2040 1506 2065 1542 ,
2098 1480 2180 1527 ne
2203 1480 2307 1528 me
2326 1480 2468 1528 me-

419 1550 766 1627 diastinum
800 1558 1172 1655 appellaret.
1228 1565 1454 1659 ltaque
1474 1559 1734 1630 mutatis
1755 1553 2149 1630 sermonibus
2169 1577 2472 1652 tanquam

418 1651 701 1726 fabulam
741 1680 874 1728 non
893 1683 923 1727 a
978 1654 1304 1732 noscerem
1323 1704 1346 1740 ,
1387 1660 1700 1758 reliquam
1722 1652 1950 1731 mensae
1969 1679 2217 1757 partem
2238 1652 2484 1729 hilaris·

419 1751 577 1826 fima
596 1750 809 1828 fronte
827 1684 1095 1829 traduxi.
1131 1828 1136 1829 ff
2006 1834 2009 1835 γ
2378 1832 2386 1837 .

529 1860 620 1925 At
658 1854 1069 1957 posteaquam
1105 1852 1328 1934 famuli
1359 1877 1623 1928 remoto
1654 1858 2032 1951 apparatu&
2052 1852 2167 1949 ipfi
2186 1852 2477 1935 admen-

422 1948 557 2023 sam
577 1953 686 2024 dis
675 1954 985 2029 cesserunt
997 2002 1024 2038 ,
1039 1978 1191 2025 tunc
1214 1953 1391 2026 Pedo
1406 1953 1485 2023 ad
1503 1954 1832 2025 incurvum
1847 1947 2131 2022 fenestrae
2154 1947 2470 2021 secretum

423 2076 536 2125 me
553 2049 799 2124 solicita
824 2079 1012 2140 manu
1032 2053 1209 2122 duxit
1226 2096 1247 2129 ,
1290 2050 1509 2149 ibique
1530 2047 1791 2121 semotis
1813 2047 2061 2117 arbitris
2082 2067 2291 2116 totum
2314 2044 2378 2117 se
2393 2047 2477 2118 in'·

423 2148 789 2221 notiffimos
828 2149 996 2221 milit
1012 2151 1339 2249 amplexus
1358 2203 1382 2232 ,
1422 2142 1857 2242 rexiocatisque
1878 2146 2130 2244 longius
2150 2140 2471 2217 sermoni-

421 2247 539 2322 bus
572 2249 770 2319 multa
814 2248 894 2318 de
917 2244 1177 2344 pristina
1198 2246 1507 2319 servitute
1529 2294 1555 2330 ,
1604 2254 1670 2319 &
1697 2244 1778 2316 de
1800 2246 2115 2328 Gallionis
2133 2245 2473 2340 impoten-

419 2347 512 2417 tia
533 2392 561 2430 ,
599 2342 1033 2446 fraudibusque
1054 2348 1381 2420 Percantis
1403 2347 1718 2418 recitavit.
1780 2345 1961 2431 Quid
1978 2346 2157 2416 enim
2180 2389 2202 2424 ‚
2225 2346 2465 2444 inquit,

420 2446 696 2529 attinet,
736 2470 851 2543 per
884 2443 1186 2546 ambages
1219 2448 1389 2518 inter
1426 2471 1546 2516 nos
1582 2447 1910 2542 pristinam
1931 2443 2313 2517 dissimulare
2334 2440 2475 2515 for-

422 2564 644 2617 tunam
663 2549 694 2620 ?
732 2555 799 2620 δι
821 2569 887 2617 te
906 2545 1467 2644 Euphormionem
1489 2541 1666 2616 fuiffe
1683 2545 1951 2620 memini
1975 2568 2185 2635 ·‚nunc
2204 2543 2280 2615 fis
2297 2588 2324 2625 ‚
2343 2566 2466 2616 nec

422 2667 552 2730 ne,
589 2646 659 2717 in
698 2644 1017 2743 potestate
1055 2669 1162 2719 tua
1194 2645 1324 2719 est:
1371 2654 1435 2718 &
1477 2645 1657 2716 Pedo
1692 2649 1763 2718 in
1781 2643 2078 2718 servitute
2096 2638 2222 2726 sui,
2272 2668 2471 2742 quem

423 2768 597 2821 nunc
618 2746 728 2814 ino
776 2745 945 2815 inata
964 2742 1234 2818 felicitas
1251 2747 1317 2818 in
1335 2742 1727 2844 splendidius
1745 2745 1974 2817 extulit
1993 2766 2255 2814 nomen.
2277 2741 2476 2822 Adeo

424 2840 589 2915 nihil
622 2840 689 2912 in
726 2771 1095 2914 {ominibus
1139 2844 1236 2917 est
1250 2843 1550 2916 constans
1569 2890 1592 2924 ,
1646 2854 1711 2917 &
1735 2841 1988 2916 fortuna
2007 2866 2152 2912 cum
2176 2841 2472 2940 Regibus

426 2960 600 3012 amat
631 2964 743 3011 eos
784 2942 1138 3025 extollere,
1171 2945 1284 3044 qui
1313 2940 1484 3015 suam
1518 2939 1890 3015 felicitatem
1932 2938 2086 3010 sorti
2117 2940 2466 3036 imputent.

425 3043 604 3114 Cum
638 3038 1037 3113 abominarer
1073 3044 1398 3114 Percantis
1433 3038 1787 3122 fastidium,
1826 3047 1893 3111 δε
1915 3037 2487 3136 ΟεῙῙὶοηὶεἰωροέ

426 3140 703 3213 tentiam
735 3141 1163 3229 devoverem,
1218 3165 1375 3214 ecce
1409 3141 1530 3212 tibi
1566 3143 1896 3240 geminata
1918 3134 2188 3209 felicitas
2206 3161 2313 3209 me
2333 3135 2472 3231 jam

427 3236 498 3308 iu
517 3243 747 3312 mortis
763 3237 983 3313 solatia
997 3243 1317 3314 intentum
1338 3242 1665 3312 revocavit
1688 3238 1764 3309 ad
1785 3240 2007 3311 vitam.
2064 3240 2248 3311 Nam
2272 3243 2340 3310 δι
2362 3260 2477 3310 ce·-

427 3334 652 3409 leriter
681 3335 952 3412 sublatus
1000 3343 1264 3417 Callion
1302 3339 1558 3412 familiae
1604 3339 1966 3411 libertatem
1984 3338 2306 3409 codicillis
2323 3337 2483 3410 reli--

429 3434 613 3532 quit,
670 3444 739 3511 &
773 3462 903 3538 ego
935 3439 1013 3513 ad
1052 3440 1479 3514 hereditatem
1516 3438 1835 3533 cujusdam
1877 3434 1987 3510 ch
2065 3436 2135 3508 lii
2176 3437 2459 3535 perveni,

429 3531 630 3631 longa
662 3537 923 3634 quidem
962 3544 1353 3639 cognatione
1389 3537 1554 3613 mihi
1582 3537 1912 3632 eonjunffi
1936 3584 1961 3622 ,
1992 3462 2104 3609 ad
2123 3537 2222 3607 cui
2242 3561 2345 3608 me
2366 3534 2470 3609 sua

425 3629 669 3722 *orbitas
703 3643 770 3709 δε
810 3637 1105 3712 interitus
1140 3639 1423 3713 sororum
1463 3641 1827 3736 proximum
1870 3631 2050 3708 fecit.
2097 3639 2343 3734 Neque
2360 3637 2474 3724 ille

428 3727 750 3829 liberalius
790 3736 1147 3812 traduxerat
1182 3742 1456 3840 primam
1488 3757 1743 3813 aetatem
1767 3784 1792 3822 ,
1831 3760 2025 3838 quam
2057 3756 2160 3810 aut
2175 3758 2320 3903 ¹ego
2335 3737 2468 3845 ξιι-

2128 3859 2173 3934 p
2220 3854 2475 3914 omno,-

426 3935 472 3976 t,
548 3937 565 3969 2
