2738 4475
901 265 1609 341 PaRsV.
2092 269 2231 364 59i

192 401 321 455 tum
342 390 489 452 fecit.
550 390 758 448 Vertex
774 387 835 445 in
847 405 1086 465 praeceps
1100 386 1302 461 pofitus
1317 404 1458 453 mox
1472 383 1691 444 casurus
1705 381 2015 461 putabatur.
2073 392 2238 447 Hunc

195 471 428 530 densum
451 472 641 528 vimen
656 467 895 545 tegebat,
922 471 981 526 &c
994 468 1140 544 inter
1157 468 1522 525 caducitatem
1542 465 1739 521 veteris
1754 463 1871 521 saxi
1888 463 2075 521 uberes
2090 485 2239 544 aquae

197 550 559 609 volvebantur
573 585 590 609 ‚
611 564 744 625 quas
760 564 992 624 gramen
1009 546 1320 622 excipiebat
1335 585 1350 610 ,
1390 558 1505 601 tam
1525 542 1676 600 lento
1691 544 1922 619 strepitu
1943 581 1960 607 ,
1991 556 2056 600 ut
2070 564 2138 604 ne
2152 559 2240 604 cat-

196 631 325 687 dere
338 629 571 708 quidem
588 645 675 684 eas
691 640 920 700 putares.
977 626 1135 681 Intus
1167 624 1407 680 tenebrae
1430 620 1814 698 sepulcralibus
1831 619 2238 680 formidabilio.

197 728 284 766 res
301 748 317 774 ,
353 707 455 765 nisi
471 706 622 784 quod
640 705 696 762 in
714 705 921 761 intimo
939 701 1131 760 secess'u
1149 700 1435 779 apparebat
1450 701 1719 780 exiguum
1739 698 1937 757 lumen
1954 740 1971 765 ‚
1989 706 2042 759 δε
2065 741 2081 766 ,
2098 693 2245 762 inter

196 787 519 865 fragmenta
529 786 676 860 rupis
694 817 712 847 ‚
730 784 922 840 vivum
940 781 1183 840 cadaver.
1840 853 1843 860 Γ
2085 851 2091 858 .
2226 783 2236 796 '

283 865 635 923 Haerebamus
667 873 791 918 ante
832 862 1046 919 aditum
1065 858 1337 936 speluncae
1354 899 1373 925 ,
1401 857 1629 915 horrore
1642 857 1822 915 noctis
1838 853 2154 928 &novitate
2169 858 2249 918 iei

199 944 404 1021 stupidi
425 963 439 999 ι
483 961 612 999 cum
629 939 730 997 sese
745 943 962 998 exeruit
976 940 1154 996 homo
1170 936 1333 996 senex
1352 977 1368 1003 ,
1385 936 1633 996 humano
1652 938 1829 1013 major
1847 962 1863 1005 5
1896 927 2104 1015 gracile
2124 955 2247 995 cor·

200 1042 328 1099 pus,
348 1028 400 1081 &
417 1023 551 1080 adeo
565 1021 847 1098 decrepito
862 1017 1111 1098 squalore
1129 1016 1402 1077 incultum
1420 1058 1437 1081 ,
1476 1030 1542 1074 ut
1573 1016 1753 1073 tacitis
1782 1018 2249 1075 concatenationi-

202 1102 307 1158 bus
339 1100 549 1177 lingula
573 1099 830 1157 membra
863 1100 1075 1156 moveri
1109 1098 1453 1154 viderentur.·
1486 1094 1850 1152 Testudineos
1864 1099 1919 1153 &
1934 1095 2249 1154 vacillantes

200 1179 399 1257 gradus
414 1178 739 1237 sustentabat
754 1178 952 1235 baculo
969 1171 1159 1234 :tristis
1176 1176 1361 1234 vultus
1376 1199 1395 1243 3
1411 1173 1673 1252 oculique
1687 1172 1896 1232 sulcatis
1915 1189 2011 1250 per
2025 1190 2245 1233 aetatem

202 1259 359 1334 genis
377 1299 393 1323 ,
425 1256 576 1315 disco
593 1298 611 1323 ,
642 1277 759 1334 quo
778 1255 1000 1334 fingunt
1013 1253 1155 1312 olim
1179 1253 1565 1330 Hiacynthum
1581 1251 1831 1311 cecidiss‘e
1846 1293 1863 1318 ,
1892 1255 2245 1331 grandiores:

201 1336 358 1411 spiss‘a
372 1337 538 1394 barba
552 1340 608 1394 ὃ(
623 1356 686 1393 ea
702 1336 891 1394 illuvie
903 1334 1094 1399 obsita,
1105 1346 1172 1391 ut
1188 1336 1335 1391 inter
1349 1332 1539 1390 album
1557 1335 1613 1390 &
1631 1332 1855 1410 nigrum
1872 1332 2015 1392 effet.
2050 1336 2129 1390 Os
2146 1334 2246 1390 de·

199 1415 436 1473 duetum
456 1456 472 1480 ,
491 1427 691 1492 apertae
707 1433 860 1472 nares
879 1420 935 1475 δι
951 1411 1145 1470 musco
1159 1410 1397 1469 horridae
1412 1448 1429 1470 2
1462 1409 1717 1487 glabrum
1735 1425 1925 1488 caput,
1955 1423 2072 1470 tota
2085 1413 2247 1469 deni·

201 1510 315 1570 que
346 1494 596 1570 corporis
623 1511 751 1551 corn
793 1511 919 1570 ages
948 1489 1100 1567 quasi
1124 1490 1342 1568 signum
1361 1488 1577 1565 pi6ku‘m
1595 1489 1655 1546 in
1670 1491 1873 1565 pariete
1888 1492 1957 1549 ad
1976 1506 2248 1572 terrorem

198 1590 528 1649 puerorum.
573 1571 720 1645 Qis
737 1513 907 1638 fgerit
926 1606 943 1630 2
959 1573 1015 1626 δε
1031 1569 1168 1645 quid
1187 1568 1422 1628 dixerit,
1440 1567 1687 1643 accipite.

221 1674 226 1678 ·
289 1650 444 1706 Novi
474 1647 810 1719 jamdudum
847 1647 1077 1723 (inquit)
1107 1645 1314 1726 quibus
1343 1646 1756 1722 tempestatibus
1783 1646 1889 1705 acti
1914 1690 1930 1713 ‚
1954 1647 2248 1726 reliquistis

206 1743 384 1785 mare,
402 1724 556 1801 quod
574 1723 632 1781 hi
650 1722 749 1781 soli
763 1726 1023 1804 navigant
1040 1765 1057 1789 ,
1068 1744 1208 1802 quos
1224 1724 1473 1782 humana
1488 1723 1760 1783 caducitas
1772 1725 2001 1784 delek‘ltat
2018 1765 2036 1788 ,
2071 1735 2124 1788 ὅ(
2140 1727 2249 1783 ser·

207 1803 405 1861 vitutis
418 1802 872 1880 exitialejugum.
921 1803 1118 1862 Felices
1134 1805 1334 1863 animae
1354 1829 1372 1873 3
1407 1821 1548 1879 quae,
1574 1803 1714 1861 fucis
1730 1804 1934 1862 relidtis
1951 1845 1967 1870 ,
1988 1804 2130 1862 ultra
2144 1803 2251 1861 hu·

207 1882 493 1941 manitatis
512 1881 658 1958 leges
674 1883 1085 1959 praeoccupastis
1096 1881 1314 1946 caelum,
1330 1885 1386 1940 δε
1399 1883 1461 1939 in
1475 1883 1725 1940 Deorum
1741 1882 1944 1942 beatitu
1951 1884 2142 1940 dinem
2157 1901 2254 1940 an·

201 1976 261 2019 te
278 1974 528 2018 mortem
547 1961 781 2017 venistis.
836 1961 1139 2019 Enimvero
1155 1974 1420 2018 metuunt
1433 1979 1629 2018 omnes
1645 2000 1661 2026 ,
1686 1967 1739 2021 &
1759 1961 1938 2018 nullus
1950 1962 2027 2019 est
2041 1961 2140 2039 qui
2158 1981 2253 2019 ve-

196 2058 335 2099 tum
351 2036 502 2100 sciat,
518 2037 617 2095 nisi
633 2039 732 2116 qui
748 2035 801 2094 se
818 2037 1002 2115 ipsum
1021 2038 1275 2117 negligit.
1322 2038 1522 2096 Parum
1542 2042 1619 2096 est
1634 2040 1813 2096 minas
1831 2039 1971 2096 ferre
1992 2057 2254 2116 3praever-
2280 2093 2283 2096 .

199 2119 345 2176 tistis
380 2115 648 2193 supplicia
665 2156 682 2181 ‚
715 2118 772 2174 &
789 2126 1072 2175 tormenta
1087 2117 1243 2175 velut
1256 2116 1510 2176 exhibita
1525 2119 1584 2175 in
1602 2117 1925 2176 theatralem
1940 2117 2156 2175 scenam
2175 2119 2249 2175 ri·

202 2197 358 2258 sistis.
399 2198 454 2252 O
470 2195 631 2254 liberi
652 2192 960 2253 liberalium
980 2197 1187 2254 artium
1206 2193 1369 2253 liberi
1387 2233 1405 2261 ‚
1423 2197 1520 2273 qui
1540 2215 1626 2254 eas
1642 2199 1871 2262 animas,
1887 2216 2019 2275 quas
2034 2196 2252 2256 dudum

134 2313 137 2316 ·
202 2274 474 2353 precarias
489 2276 632 2332 inter
644 2274 820 2332 aliena
836 2274 971 2332 vitia
984 2275 1221 2332 traxistis
1236 2311 1254 2335 ‚
1299 2275 1472 2349 parati
1501 2276 1623 2343 estis
1651 2276 1713 2332 in
1731 2289 1984 2333 extremo
1999 2274 2250 2335 anhelitu

200 2354 498 2413 morientis
512 2353 771 2411 libertatis
783 2352 1034 2411 exhalare
1054 2356 1067 2407 1
1101 2354 1137 2409 ὸ
1153 2353 1461 2410 constantia
1478 2354 1490 2405 2
1542 2353 1727 2411 Plures
1756 2352 1925 2412 hodie
1955 2356 2253 2432 Hispanice

199 2432 592 2495 dominantur,
604 2434 764 2508 pauci
779 2430 993 2488 Gallice
1009 2432 1301 2489 restitistis:
1344 2430 1713 2509 Ingredimini
1729 2433 2005 2510 penetrale
2022 2434 2185 2497 istud,
2197 2436 2252 2490 &t

203 2508 424 2568 secretis
443 2511 581 2566 meis
597 2509 886 2583 participes
901 2508 1090 2567 futura
1103 2507 1312 2566 discite.

291 2588 568 2644 Divinum
584 2586 843 2661 putabam
852 2606 930 2651 us,
963 2589 1037 2650 δι,
1048 2586 1088 2643 fi
1103 2586 1301 2645 falcem
1319 2580 1602 2652 habuiss'et,
1619 2603 1735 2647 erat
1751 2590 1810 2647 in
1829 2590 2029 2647 animis
2044 2591 2255 2648 miran-

215 2667 366 2723 tium
382 2682 488 2738 pro
503 2677 690 2739 ,vetere
701 2666 938 2722 Saturno
951 2665 1195 2721 venerari
1212 2706 1228 2729 ,
1270 2664 1373 2722 nifi
1400 2667 1555 2744 quod
1588 2666 1784 2724 fabulis
1814 2687 1929 2726 non
1956 2669 2166 2725 credim
2177 2687 2253 2726 us.

213 2739 702 2799 Caeterum'colore
718 2740 914 2798 eodem
930 2760 1044 2819 quo
1060 2760 1157 2800 nos
1173 2743 1398 2808 viderat,
1420 2744 1638 2821 placido
1652 2745 1805 2802 vultu
1824 2787 1841 2811 ‚
1854 2748 2046 2825 quieto
2061 2746 2254 2823 pesto-

211 2839 295 2886 τε,
313 2838 428 2877 non
445 2817 808 2876 tumultuarie
824 2830 887 2877 ut
902 2818 1226 2879 Bacchantes
1243 2824 1298 2880 &
1314 2823 1542 2886 Deliaci,
1557 2825 1847 2902 postquam
1864 2826 2256 2904 baculo‚quem

210 2899 442 2979 gerebat
455 2938 472 2965 ,
510 2898 659 2972 rupit
688 2897 882 2955 funem
899 2917 1018 2977 quo
1036 2897 1390 2958 sustinebatur
1407 2901 1545 2979 lapis
1562 2903 1661 2980 qui
1680 2902 1857 2962 latum
1875 2904 2159 2982 speculum
2178 2918 2260 2961 te·

205 2977 396 3058 gebat,
413 2979 472 3034 in
491 2995 606 3052 quo
623 2976 803 3052 plures
819 2978 1089 3056 imagines
1102 2977 1464 3043 videbantur3
1494 2979 1565 3038 fic
1582 2981 1650 3037 ad
1671 3000 1794 3040 nos:

292 3057 500 3114 Omnis
518 3056 707 3112 anima
721 3056 827 3113 Dei
847 3053 960 3115 filia
973 3056 1147 3115 coelos
1162 3056 1375 3116 habitat
1388 3096 1406 3120 ‚
1446 3057 1615 3116 sciens
1641 3058 1838 3118 eorum
1856 3061 2117 3119 omnium
2135 3080 2260 3137 quae

209 3135 307 3193 hic
324 3140 378 3195 &
395 3134 538 3210 apud
553 3132 775 3210 superos
793 3133 919 3193 sunt
939 3158 950 3194 :
995 3155 1133 3194 mox
1152 3140 1371 3215 corpori
1394 3135 1620 3201 incluta,
1636 3137 1694 3195 in
1714 3142 2007 3212 capacitate
2022 3156 2260 3215 organo-

211 3231 344 3270 rum
362 3212 604 3290 languet.
649 3213 829 3289 Tepet
846 3214 906 3270 in
918 3216 1170 3292 pueritia,
1183 3216 1431 3291 oppressa
1447 3214 1726 3273 contrario
1738 3217 1920 3275 calore
1936 3238 1949 3273 z
1995 3219 2054 3273 in
2070 3217 2257 3276 adolea·¹

212 3290 422 3348 scentia
436 3309 560 3366 ‚per
577 3292 1064 3351 ratiocinationem
1083 3292 1365 3352 enitescit:
1413 3296 1472 3351 in
1487 3293 1749 3352 virilitate
1762 3332 1780 3356 ‚
1800 3295 1991 3354 crescit
2006 3295 2263 3374 perjudic

213 3370 406 3427 cium:
455 3372 512 3426 in
533 3369 807 3427 senectute
822 3411 840 3436 ,
871 3391 970 3447 per
982 3373 1335 3448 prudentiam
1356 3373 1558 3429 emicat
1578 3395 1592 3430 τ
1621 3376 1739 3447 post
1765 3373 2102 3435 stnestutem
2139 3389 2261 3433 tam

214 3448 370 3508 dem,
393 3444 618 3523 ‘seipsam
634 3447 1013 3507 reminiscitur
1028 3490 1044 3514 ,
1078 3456 1134 3512 &
1149 3451 1372 3509 excuss'o
1384 3450 1658 3510 servitutis
1675 3453 1812 3512 hum
1820 3460 2083 3535 anaejugo
2102 3492 2118 3514 ‚
2146 3472 2262 3533 quo

205 3528 405 3585 minus
419 3527 637 3602 corpori
655 3527 833 3592 debet,
851 3546 920 3584 eo
938 3529 1201 3585 excelsior
1217 3526 1393 3586 fertur
1409 3548 1508 3608 per
1524 3533 1661 3596 acra,
1686 3536 1742 3591 &
1758 3533 2034 3611 quidquid
2056 3533 2262 3611 ubique

212 3603 281 3664 fit
296 3625 416 3663 uno
431 3606 652 3663 instanti
666 3607 991 3682 pernicitate
1006 3604 1096 3664 sua
1112 3607 1280 3664 videt.
1327 3609 1475 3665 Hinc
1492 3608 1597 3665 illae
1616 3609 1930 3687 frequentes
1947 3617 2004 3670 in
2021 3612 2264 3687 decrepi-

208 3685 286 3741 tis
307 3684 744 3742 vaticinationes.
778 3687 1002 3742 Etenim
1023 3683 1238 3762 spirit'us
1253 3689 1574 3762 promptior
1587 3688 1684 3747 est,
1700 3708 1815 3765 quo
1832 3692 2071 3749 tardiora
2085 3708 2267 3748 mem·

207 3761 308 3820 bra
322 3802 340 3828 ,
377 3767 435 3821 Bt
469 3763 649 3820 carnis
681 3762 930 3821 titillatio
959 3767 1230 3821 remotior
1257 3764 1349 3819 est.
1409 3768 1481 3821 At
1510 3779 1705 3840 praeter
1720 3768 1813 3825 ista
1830 3788 1953 3846 quae
1967 3770 2113 3829 mihi
2128 3784 2261 3826 cum

205 3843 258 3920 ej
266 3839 342 3901 us
332 3842 466 3901 dem
481 3842 655 3901 aetatis
668 3838 995 3900 hominibus
1008 3839 1494 3910 communiasunt,
1511 3841 1620 3921 ipsa
1632 3842 1872 3904 solitudo
1889 3853 1946 3909 ὃς
1961 3848 2265 3931 silentium,

2076 3945 2107 3981 a
2126 3938 2250 3999 qui-
