2738 4475
892 292 1617 365 ΡΑιιςῙῙ.
2119 315 2257 394 ²53

217 418 490 494 tandem
524 420 607 491 ad
643 419 882 516 aquulae
900 425 1091 517 caput
1110 442 1218 492 me
1234 416 1536 490 mollibus
1556 415 1777 490 herbis
1795 416 2073 517 implico
2092 464 2116 501 ‚
2152 417 2277 492 fes·

212 519 483 621 samque
515 519 742 591 cubito
758 514 1450 591 cervicemsustentans
1469 566 1493 600 ‚
1532 514 1812 591 frontem
1833 516 2071 590 deinde
2090 540 2280 617 atque

208 646 454 694 manus
471 665 492 699 ‚
528 646 684 693 mox
715 620 909 692 etiam
927 615 1509 714 oralimpidiffimo
1531 616 1796 690 humore
1813 618 2056 713 perluo,
2121 624 2278 693 Nec

214 722 444 793 multo
464 719 608 815 post
621 739 848 817 apertae
869 740 1069 791 vento
1087 714 1284 787 nubes
1303 762 1325 797 ‚
1348 713 1635 815 astraque
1649 716 1910 790 liberius
1926 712 1959 787 s
1954 717 2276 815 plenden-

218 820 322 889 tia
342 866 367 899 ‚
398 818 556 891 mihi
576 817 1065 916 pulcherrimam
1084 815 1215 887 loci
1232 811 1461 887 faciem
1482 817 1911 888 ostenderant.
1966 820 2139 888 Fons
2158 817 2277 890 ille

211 939 293 988 nt
314 917 649 989 videbatur
665 914 931 988 rusticus
948 963 975 1000 ,
997 914 1294 1014 nudoque
1312 937 1620 1014 exceptus
1637 912 1803 1001 solo,
1822 939 1953 986 nou
1970 940 2271 988 commu·-

213 1017 421 1089 nibus
442 1018 611 1117 aquis
633 1018 935 1116 perennis
955 1037 1062 1086 aut
1079 1014 1319 1114 vulgari
1339 1034 1630 1087 torrente
1650 1015 2045 1089 volvebatur.
2063 1018 2275 1091 Nulla

201 1119 356 1189 laus
372 1115 470 1189 est
489 1143 627 1214 quae
645 1118 782 1210 ejus
804 1115 1189 1215 dignitatem
1209 1110 1402 1210 poffit
1417 1115 1809 1213 exprimere.
1859 1116 2106 1216 Liquor
2121 1142 2275 1188 om-

186 1215 280 1289 ·ni
321 1215 633 1315 crystallo
668 1215 935 1287 nitidior
967 1239 1080 1313 per
1112 1214 1480 1311 lapillorum
1525 1239 1736 1285 moras
1755 1260 1777 1295 ‚
1816 1238 1956 1311 quae
2000 1216 2065 1285 in
2085 1240 2274 1286 arena

192 1314 454 1414 paffim
489 1314 1055 1401 mahemet-ant,
1076 1334 1302 1384 tenues
1324 1309 1695 1410 crispaverat
1714 1312 1947 1385 fluetus
1966 1361 1988 1396 ‚
2030 1322 2099 1388 &
2118 1314 2275 1386 inde

202 1439 414 1515 paene
452 1413 692 1486 mulico
728 1434 1049 1486 concentu
1068 1409 1466 1511 pulsabatur3
1500 1410 1799 1484 reddebat
1815 1438 2074 1514 quoque
2088 1411 2275 1514 syde-

199 1541 369 1587 rum
385 1513 710 1611 imagines
731 1538 913 1609 paene
931 1512 1083 1609 ipsis
1099 1513 1419 1583 coelotum
1438 1507 1670 1581 facibus
1692 1514 1969 1584 laetiores
1989 1561 2010 1595 ‚
2055 1520 2117 1585 &
2139 1537 2275 1586 tam

262 1610 526 1682 ulchrae
559 1612 773 1680 nostis
805 1610 1113 1681 miraculo
1145 1606 1362 1679 nescio
1396 1609 1549 1707 quid
1569 1610 1727 1682 mihi
1740 1611 1981 1682 beatius
2000 1609 2277 1707 sponde·-

203 1639 435 1790 gant,
471 1706 519 1779 st
558 1706 635 1778 ad
671 1710 840 1779 Solis
872 1710 1216 1782 *veritatem
1247 1712 1467 1779 omnia
1483 1709 1947 1781 examinass‘em.
2009 1715 2206 1803 Qod
2228 1713 2272 1783 Γι

203 1833 369 1882 non
404 1804 829 1905 pernoviss‘em
868 1832 974 1879 me
1009 1806 1293 1902 nondum
1330 1805 1720 1880 Eleutheriae
1754 1808 2029 1878 vicinam
2063 1813 2276 1908 egres-

198 1906 364 1981 sum
390 1953 413 1988 ‚
455 1906 718 1978 credere
753 1929 1044 2005 poteram
1081 1906 1158 1977 ad
1181 1930 1400 1979 aureos
1425 1903 1641 1979 fontes
1658 1909 1724 1978 in
1747 1904 2003 1979 Perfide
2020 1912 2144 1979 effe
2163 1912 2279 1981 dc-

199 2009 447 2079 latum.
510 2009 679 2078 Mox
719 2028 789 2075 ut
824 2003 888 2075 se
923 2005 1132 2103 purius
1177 2012 1377 2079 Lunae
1412 2004 2009 2102 splendorexeruit‚
2050 2007 2186 2080 vidi
2204 2009 2274 2082 in

200 2131 337 2207 pro
383 2105 595 2203 inquo
616 2102 1064 2201 ampliffimam
1085 2105 1352 2177 domum
1375 2150 1398 2186 ‚
1436 2114 1503 2179 δι
1526 2127 1729 2179 turres
1744 2107 1813 2176 in
1833 2107 2116 2178 incindtu
2134 2133 2268 2182 non

207 2132 481 2278 mesico
518 2201 780 2304 fastigio
810 2200 1173 2304 surgentem
1213 2228 1421 2304 neque
1461 2226 1738 2278 moratus
1779 2206 1864 2278 de
1901 2202 2081 2279 fonte
2101 2232 2265 2281 con-

213 2302 473 2391 surrexi,
495 2300 857 2404 primasque
876 2302 1132 2376 aediftcii
1151 2300 1317 2376 fores
1340 2305 1416 2377 ad
1442 2303 1784 2403 hospitium
1808 2305 2259 2404 pulsavi.Tum

214 2424 451 2502 apertat
472 2403 681 2475 subito
698 2400 866 2474 fores
884 2405 1200 2475 colluxere
1221 2403 1499 2504 undique
1525 2405 1811 2476 flammis*
1827 2455 1850 2491 ,
1893 2431 2264 2507 magnoque

214 2527 553 2574 cereorum
608 2503 922 2576 comitatu
976 2503 1291 2603 Acignius
1321 2500 1405 2574 ad
1438 2510 1894 2602 expeemntem
1930 2505 2260 2600 processit.

222 2602 376 2698 Ego
409 2601 488 2670 acl
519 2624 740 2673 notum
777 2602 1081 2674 exhorrui
1118 2605 1367 2672 vultum
1391 2648 1412 2683 ‚
1448 2609 1515 2673 &
1551 2626 1672 2698 qua
1708 2604 1959 2672 ratione
1977 2600 2066 2689 ibi
2081 2601 2263 2685 effer,

226 2721 429 2795 quem
467 2700 534 2768 in
576 2700 702 2769 llio
720 2705 902 2798 paulo
920 2723 1069 2772 ante
1091 2701 1221 2772 fine
1238 2700 1572 2798 proposito
1588 2700 1835 2771 itineris
1852 2701 2260 2801 reliqueram,

228 2796 427 2867 tacita
466 2796 873 2873 admiratione
911 2800 1298 2900 quaerebam.
1360 2803 1512 2874 Nec
1548 2802 2257 2897 expefiavitsut-meri·

226 2891 452 2966 tiffimi
472 2893 737 2993 stuporis
756 2924 1146 2999 exponerem
1167 2895 1374 2971 causas
1399 2926 1419 2972 t
1473 2895 1580 2973 sed
1595 2947 1617 2982 ‚
1638 2900 1953 3000 Eutychia
1971 2952 1992 2988 ,
2017 2904 2256 3003 inquit5

219 2993 479 3067 istarum
503 2996 732 3069 aedium
753 3008 818 3073 &
844 2998 1056 3072 omnis
1076 3000 1355 3072 vaticinii
1376 2998 1636 3073 domina
1652 3049 1674 3082 ,
1707 3021 1772 3072 te
1793 2999 1915 3072 huc
1935 2997 2256 3074 adveniffe

217 3094 589 3181 intellexit3
628 3097 739 3169 illa
766 3123 885 3169 nos
918 3100 1269 3172 monitores
1309 3096 1571 3197 hospitii
1605 3101 1811 3171 mittit
1833 3146 1854 3180 ‚
1895 3107 1961 3171 δι
1988 3099 2054 3168 in
2072 3096 2254 3170 suum

218 3191 626 3266 domicilium
661 3221 908 3269 errores
945 3219 1085 3269 tuos
1108 3197 1568 3270 hodieinvitat.
1624 3195 1909 3270 succede
1929 3193 2259 3293 hospitali-

216 3289 338 3363 bus
379 3292 571 3364 teclis
588 3348 609 3376 .
642 3302 711 3370 δι
732 3318 909 3368 utere
928 3295 1251 3370 beneficio
1271 3295 1609 3395 Nymphae
1627 3341 1648 3375 ‚
1687 3318 1827 3392 quae
1847 3292 1973 3363 hoc
1990 3317 2119 3364 uno
2133 3293 2253 3365 do-

211 3392 358 3462 lore
376 3388 549 3463 suam
568 3388 945 3469 felicitatem
965 3399 1240 3469 maculat
1259 3443 1280 3477 ,
1304 3395 1480 3493 quod
1496 3415 1626 3464 tam
1643 3393 1750 3462 diu
1765 3390 1967 3463 delint
1984 3439 2008 3474 ‚
2025 3393 2250 3493 quibus'

210 3487 344 3586 ipsa
374 3489 660 3564 liberalis
694 3493 822 3567 effe
854 3495 1065 3592 possit.
1120 3498 1250 3571 His
1291 3494 1523 3574 dietis,
1560 3487 1776 3562 nescio
1791 3489 2016 3589 quibus
2032 3496 2252 3577 ramis4

213 3590 423 3660 vultus
477 3617 665 3665 meos
714 3593 1041 3692 perfricuit
1058 3643 1079 3674 ‚
1136 3588 1592 3690 confusamque
1630 3586 1928 3662 suavitate
1963 3615 2252 3668 mentem

210 3689 413 3760 veluti
448 3691 727 3787 quadam
767 3695 947 3764 tenui
986 3693 1261 3792 caligine
1281 3693 1539 3762 intexit.
1591 3690 1855 3760 Secutus
1871 3713 1996 3790 ego
2015 3692 2257 3764 ducen-

146 3853 150 3858 ,
205 3805 344 3862 tem
363 3834 388 3873 ‚
427 3811 573 3865 cum
589 3790 831 3866 eodem
854 3788 1064 3864 facum
1082 3791 1340 3891 agmine
1359 3791 1426 3861 in
1447 3786 2098 3864 interioremdomum
2119 3816 2260 3886 per·

131 3891 145 3913 ¹
1748 3920 1751 3927 ¹
2085 3887 2253 3960 venL
