2738 4475
925 259 1122 334 ΡἈ
1226 287 1279 338 rt
1383 284 1417 335 s
1534 265 1680 335 IV.
1782 273 1787 278 ’
2138 284 2283 356 521„

237 387 440 489 saepe,
462 395 527 462 δε
555 411 669 487 per
689 385 1019 458 intervalla
1037 432 1058 467 ,
1083 385 1380 458 incitatus
1416 430 1440 466 ‚
1464 409 1588 458 nec
1608 379 1930 454 fastidium
1950 378 2039 451 sui
2066 378 2272 468 faciat,

238 515 357 563 nec
377 511 643 588 torpore
665 507 769 555 aut
788 484 1122 558 oblivione
1142 485 1449 556 deleatur.
1506 492 1520 522 ¹
1628 482 1752 552 uod
1791 481 1834 553 fi
1861 483 2164 579 Princeps
2191 480 2283 553 fa-

236 591 377 661 cilis
400 589 666 687 quidem
690 583 761 655 sit
785 586 851 655 in
875 581 1156 656 diversos
1191 583 1459 656 affefius
1481 578 1842 681 amicosque
1861 580 2118 652 transire
2134 627 2157 663 ‚
2184 578 2289 654 sed

243 711 627 786 quocunque
644 684 706 757 se
724 686 1006 783 applicet
1028 742 1047 769 ,
1102 706 1169 754 ut
1189 685 1419 768 brevi,
1474 685 1564 753 ita
1601 706 1767 753 caeca
1806 690 1871 753 &
1916 679 2289 753 vehementi

246 788 531 866 amicitia
550 784 915 876 incumbat3
960 785 1071 883 qui
1089 784 1167 854 ab
1182 808 1265 855 eo
1283 803 1613 865 amantur,
1650 805 1972 853 memores
1994 780 2288 852 inundari

248 885 312 958 se
336 883 637 957 altissimo
673 883 821 955 aestu
837 930 860 965 ,
914 881 1021 955 sed
1057 886 1124 954 in
1157 879 1331 957 suum
1369 887 1714 957 Oceanum
1752 879 1906 950 stata
1929 881 2289 953 mutatione

251 979 572 1066 redituro',
610 1009 800 1084 quam
836 983 1205 1056 avidiffimis
1245 982 1613 1081 pecloribus
1635 979 1715 1050 de
1734 980 1843 1051 illa
1860 976 2164 1051 felicitate
2182 979 2288 1053 bi·

250 1085 429 1156 bunt.
483 1087 718 1182 Neque
743 1085 919 1155 enim
942 1079 1154 1154 lassare
1176 1082 1343 1153 hunc
1360 1107 1652 1152 amorem
1675 1076 1978 1178 flagitatis
2007 1085 2289 1152 muneri·

243 1185 358 1255 bus
399 1186 660 1265 timent,
682 1185 794 1281 qui
811 1184 1035 1262 etiam,
1054 1182 1166 1253 nifi
1188 1179 1571 1279 tempestiva
1594 1179 1921 1251 celeritate
1941 1181 2276 1275 excipitur,

247 1307 317 1354 ut
337 1285 484 1357 vina
503 1304 759 1354 aetatem
780 1308 911 1353 non
938 1279 1203 1354 ferentia
1221 1331 1244 1367 ‚
1283 1281 1495 1351 inutili
1514 1271 1781 1352 veterno
1805 1278 2221 1352 consenescit.

350 1389 587 1480 Longe
619 1381 742 1452 alia
775 1381 939 1453 ratio
978 1405 1124 1452 cum
1143 1378 1548 1476 Principibus
1567 1377 1878 1459 ineunda,
1918 1379 2028 1477 qui
2048 1381 2284 1450 amoris

247 1501 542 1552 torrente
577 1505 710 1550 non
749 1479 986 1575 perditi
1008 1499 1032 1558 ·,
1074 1479 1172 1549 illi
1191 1473 1522 1561 suavitati,
1563 1502 1686 1574 qua
1708 1478 1784 1549 ad
1802 1480 2139 1551 amandum
2161 1479 2293 1550 im·-

252 1581 606 1676 pelluntur,
631 1575 963 1646 confilium
981 1601 1237 1674 quoque
1260 1576 1519 1647 addunt.
1576 1580 1754 1648 Nam
1772 1576 1907 1648 haec
1930 1603 2097 1659 vera,
2122 1587 2216 1661 &‚
2240 1576 2286 1647 fi

257 1677 525 1765 mereris
545 1719 567 1753 ‚
615 1696 919 1772 perpetua
950 1673 1444 1759 benevolentia,
1481 1695 1549 1746 ut
1570 1700 1890 1773 nunquam
1909 1680 2125 1749 omnia
2145 1726 2166 1758 ,
2200 1681 2293 1747 ita

252 1773 510 1870 semper
526 1772 764 1872 aliquid
794 1775 1036 1871 poterit
1061 1798 1079 1853 3
1106 1798 1223 1845 nec
1244 1795 1377 1845 tam
1398 1772 1726 1873 spolianda
1740 1778 1848 1846 illa
1866 1776 2073 1861 arbor,
2097 1800 2290 1874 quarn

256 1872 574 1969 carpenda
629 1898 775 1943 cum
827 1873 1082 1944 delefim
1104 1916 1128 1952 ‚
1178 1872 1423 1944 scilicet
1462 1874 1531 1943 in
1569 1896 1950 1970 proventum
1992 1877 2292 1948 reditura.
2351 1963 2359 1970 ,

250 1974 463 2071 Igitur
493 1968 808 2064 ejusmodi
847 1974 1161 2058 Dominis
1180 1970 1436 2071 gratiosi
1465 1974 1844 2069 Optimates
1867 1975 2017 2044 dare
2034 1972 2096 2045 se
2114 1996 2293 2046 totos

248 2069 481 2151 solent,
508 2093 628 2140 nec
648 2095 929 2169 unquam
950 2071 1018 2141 in
1037 2073 1314 2142 amando
1337 2069 1727 2166 majestatem
1749 2069 2146 2144 dediscentes
2171 2075 2295 2145 mi·

250 2171 457 2269 rigare
470 2165 788 2269 obsequio
809 2194 835 2258 3
863 2171 960 2263 jus
987 2169 1296 2242 libertatis
1318 2165 1388 2242 in
1405 2171 1734 2270 loquendo
1749 2218 1771 2254 ,
1809 2193 1912 2243 aut
1931 2172 2287 2257 monendo,

251 2270 610 2343 verecunde
648 2266 941 2367 usurpare
962 2298 984 2355 ;
1022 2267 1244 2365 saepius
1264 2268 1622 2342 meminiss'e
1644 2269 1760 2342 bos
1779 2271 1905 2343 effe
1928 2275 2285 2372 Principes,

252 2394 445 2468 quam
465 2364 529 2439 se
546 2370 816 2440 amicos.
870 2371 959 2440 lis
978 2393 1189 2441 autem
1211 2392 1277 2440 ut
1297 2367 1393 2441 est
1418 2373 1619 2467 prima
1644 2380 1707 2443 &
1735 2370 1964 2442 assidua
1985 2398 2127 2442 cura
2146 2421 2170 2454 ‚
2192 2376 2298 2441 lo-

253 2492 403 2541 cum
440 2493 634 2566 quem
668 2469 966 2563 propitiis
1002 2470 1221 2566 gratiis
1257 2469 1671 2539 obtinuerunt
1698 2467 1943 2566 semper
1960 2469 2284 2556 insistere3

253 2567 347 2637 ita
365 2568 659 2663 proxima
674 2562 1016 2639 solicitudo
1036 2613 1058 2648 ‚
1093 2592 1251 2665 opes
1272 2568 1530 2638 interim
1551 2568 1871 2638 cumulare
1888 2624 1911 2651 ‚
1953 2564 2298 2663 praeseffilu-

259 2689 360 2734 ras
380 2719 403 2747 ‚
428 2685 865 2760 autsperennes
883 2666 1042 2736 inire
1062 2668 1459 2765 magistratus
1483 2694 1499 2736 :
1522 2672 1643 2748 Ut,
1672 2665 1712 2737 fi
1733 2668 1770 2735 ὲ
1788 2687 1969 2735 tanto
1987 2666 2167 2763 apice
2180 2691 2296 2737 ex·

262 2761 480 2832 cidant
497 2770 528 2844 ',
565 2759 786 2833 saltem
807 2758 956 2833 felix
977 2764 1255 2862 pristina:
1277 2768 1584 2863 potentia:
1606 2766 2079 2837 monimentum
2099 2765 2174 2837 ad
2193 2791 2299 2837 re-

258 2863 452 2961 liquae
475 2864 621 2934 vitae
643 2860 1046 2934 securitatem
1064 2864 1271 2936 duret.
1341 2866 1477 2963 Qi
1496 2889 1650 2935 vero
1667 2867 1767 2935 vel
1787 2861 2035 2937 suorum
2056 2866 2298 2938 imme-

253 2986 472 3034 mores
493 3012 518 3048 ‚
559 2963 661 3034 vel
697 2959 968 3033 fortunae
987 2963 1206 3036 confisi
1228 3010 1252 3045 ,
1297 2964 1436 3035 illas
1464 2989 1660 3061 opes,
1705 2974 1767 3039 δι
1791 2986 1922 3036 tam
1945 2965 2293 3061 splendida:

255 3062 557 3133 amicitiae
596 3061 903 3160 quaestum
938 3060 1443 3161 nihil‘parcente
1474 3066 1620 3134 luxu
1658 3086 1761 3133 aut
1801 3065 2038 3134 incuria
2064 3065 2298 3133 consu·

259 3181 442 3230 munt
473 3205 495 3239 ‚
531 3159 936 3259 dignissimos
974 3184 1161 3259 putes
1197 3164 1307 3260 qui
1342 3161 1862 3259 intempestivum
1904 3162 2163 3232 tandem
2200 3163 2296 3232 lu-

258 3255 417 3327 dum
437 3301 458 3336 ‚
476 3258 543 3328 in
565 3282 770 3358 egena
784 3258 1139 3349 senectute,
1162 3263 1376 3334 inutili
1394 3262 1781 3361 poenitentia
1800 3260 2128 3332 damnent.

2171 3359 2290 3433 Est

331 3489 356 3523 ι
398 3472 528 3541 ,Qud
545 3474 586 3537 fi
602 3478 1019 3545 Princepsfaecilisfit
1030 3485 1078 3529 in
1092 3479 1245 3531 diver-
1309 3494 1404 3536 tus,
1423 3495 1542 3532 artes
1558 3481 1787 3549 ingenuae.
1800 3482 1953 3531 comis
1970 3480 2153 3532 animus
2172 3484 2221 3533 ἃ
2240 3483 2298 3532 li-

230 3544 314 3607 fis
325 3540 533 3607 affit‘lns,
548 3547 782 3611 amicosque
795 3550 998 3602 transire,
1013 3550 1144 3610 φα]
1161 3551 1243 3600 Li·
1306 3547 1472 3600 beralis
1500 3583 1517 3606 ,
1553 3552 1739 3615 alitque
1768 3550 1905 3599 dotes
1935 3547 2064 3615 supra
2105 3566 2297 3601 ceteros

247 3623 352 3659 cent
385 3609 592 3678 Regibus
620 3611 786 3662 charos
817 3614 867 3661 in
882 3618 1032 3679 paucis
1055 3617 1241 3676 habere,
1306 3618 1568 3670 extulerint.
1634 3624 1704 3667 De
1744 3616 1956 3683 gratiosis
1990 3620 2141 3685 agitur
2173 3620 2299 3670 libro

248 3693 364 3728 narn
392 3682 443 3731 δε
462 3678 722 3730 Alexander
739 3681 818 3730 ille
832 3687 914 3732 Ma
947 3700 1033 3733 nus
1046 3682 1236 3736 habuit:
1304 3688 1480 3752 primo,
1493 3687 1645 3752 capite
1664 3703 1705 3747 ς.
1729 3689 2008 3754 Argenidis:
2038 3689 2097 3736 de
2109 3691 2300 3738 eximiis

245 3743 328 3796 sed
358 3747 406 3796 hi
435 3746 526 3798 fint
543 3746 879 3814 Ephffliones,
993 3752 1124 3818 digni
1150 3757 1230 3821 qui
1303 3754 1494 3811 indole,
1522 3758 1715 3815 virtute,
1730 3753 1918 3805 scientia
1944 3759 2054 3808 viris
2072 3790 2090 3813 .
2119 3756 2298 3812 'ibidem

240 3829 463 3868 amentur
480 3812 509 3868 ὃ
529 3815 735 3887 Regibus
748 3851 765 3877 ,
802 3832 923 3886 quos
950 3816 1121 3872 {cilicet
1139 3825 1238 3875 vix-
1302 3824 1457 3892 capite
1472 3824 1672 3874 decimo.
1748 3890 1778 3940 k
2189 3836 2275 3939 ὥθ’,

1689 3898 1727 3943 1<
1812 3907 1843 3957 ς
2074 3907 2101 3943 ι
2131 3895 2191 3943 ,Δ
2276 3907 2301 3938 ι·
