2738 4475
107 1039 112 1044 .
237 990 544 1052 subdebant
560 998 917 1076 voluptatem.
972 999 1450 1078 Jamlautioresep

900 254 957 328 Ρ
1059 278 1105 327 Α
1206 275 1260 330 R
1357 277 1395 329 s
1513 258 1609 331 V.
2128 252 2254 350 581

241 364 565 427 Inferiorem
583 387 730 448 pone
746 370 916 429 balim
927 409 950 433 2
975 370 1226 449 sequens:
2004 361 2011 366 ’

398 454 502 506 Seu
520 447 756 527 sequeris
788 457 1003 534 Verufn,
1032 450 1131 526 seu
1160 450 1405 516 damas,
1438 451 1637 526 pefflme
1658 446 1838 516 vbvr'n

476 528 618 584 Odia
648 532 916 587 Divornm
951 529 1208 587 contrahis
1222 567 1238 593 ,
1272 544 1375 586 aut
1401 527 1677 585 hommum.

243 600 331 659 Ad
360 601 568 682 singula
590 605 820 664 velutad
839 607 1099 666 miracula
1114 605 1424 683 stupebam,
1468 607 1658 681 &jam
1690 614 1914 663 venerat
1945 600 2006 659 in
2020 612 2270 660 mentem

241 679 524 757 inquirere
536 685 670 760 quid
688 683 881 743 ultima
897 684 1118 750 vellent,
1134 703 1267 748 <rum
1291 703 1386 741 me
1404 702 1559 742 meus
1576 683 1820 760 Daphnis
1838 722 1855 746 ‚
1873 680 2039 738 hilari
2053 681 2271 737 intuens

240 761 397 816 vultu
417 798 435 824 ‚
462 763 761 820 excitatum
793 763 1032 841 benigna
1065 775 1248 822 manu¹
1268 763 1525 821 invitavit
1540 761 1604 819 ad
1623 778 1828 839 paratas
1841 761 2035 836 dapes,
2066 759 2277 835 postera

235 836 330 894 die
343 836 736 899 satisfacturum
752 839 805 898 se
819 843 1119 901 curiositati
1138 861 1276 900 meae
1292 843 1645 918 promittens.

318 917 442 994 Jam
462 917 566 974 diei
582 917 790 977 senium
812 921 1089 980 indixerat
1106 921 1339 998 Vesper,
1384 923 1441 979 δι
1466 917 1700 1054 ἧειιίιΙα
1713 914 1953 977 tenebrae
1969 917 2268 1005 irrepentes

1454 1017 1487 1057 u
1512 1016 1586 1059 π,
1616 999 1873 1077 gannitus
1890 1036 1908 1062 ,
1936 994 2269 1053 muffitatio-

185 1113 190 1119 -
238 1090 337 1130 nes
352 1111 368 1137 ,
383 1072 623 1143 somnus,
639 1095 751 1134 nox
769 1078 969 1135 cadens
988 1119 1005 1144 ,
1023 1077 1174 1138 horae
1185 1079 1475 1137 matutinae
1493 1116 1510 1140 ‚
1527 1080 1581 1136 δι
1596 1074 1868 1155 quidquid
1882 1074 1911 1134 ὲ
1924 1073 2163 1131 Tithoni
2184 1085 2271 1128 to-

234 1167 301 1206 ro
319 1153 581 1212 Auroram
591 1169 774 1215 vocat.
833 1159 986 1214 Tum
1021 1157 1417 1233 demnmjuvit
1433 1171 1675 1232 repetere
1690 1153 1948 1213 Veritatis
1959 1152 2275 1215 oraculum,

235 1230 295 1286 δε
312 1228 342 1285 ὲ
357 1229 648 1307 Daphnide
663 1235 744 1292 rei
761 1235 1038 1294 rarissimae
1052 1238 1425 1294 narrationem
1441 1248 1790 1312 extorquere.
1845 1235 1967 1292 Nec
1982 1231 2122 1290 istud
2142 1269 2159 1296 ,
2183 1230 2279 1287 in·

232 1308 361 1383 quit
377 1347 395 1373 2
415 1325 612 1385 potens
631 1314 748 1370 Dea
762 1311 927 1377 finat,
946 1328 1009 1372 ut
1025 1316 1139 1373 fine
1150 1314 1296 1372 illius
1312 1327 1452 1372 nutu
1465 1313 1718 1391 detegam
1736 1312 1993 1389 mysteria
2007 1308 2271 1368 Eleufinia

232 1386 632 1458 taciturniora3
665 1409 845 1449 annue
858 1391 1275 1451 sacratissimum
1293 1394 1375 1449 Os
1395 1392 1631 1449 orationi
1647 1391 1945 1468 puriffimae
1959 1429 1976 1454 ,
2006 1391 2063 1447 δι
2078 1390 2139 1446 in
2155 1385 2273 1444 Ali-

232 1465 483 1542 thophili
514 1466 961 1527 favorem‘redde
989 1487 1045 1528 te
1069 1469 1486 1546 expediantibus
1514 1470 1819 1547 propitium
1840 1486 2067 1526 numen.
2124 1469 2270 1525 Bene

224 1544 307 1599 est
325 1567 342 1610 3
361 1546 635 1601 contortis
650 1545 897 1604 molliter
910 1547 1081 1603 oculis
1092 1548 1356 1624 approbat
1372 1547 1686 1626 religiosum
1705 1548 2071 1625 propofitum,
2090 1544 2264 1622 inque
2338 1607 2350 1616 ο

234 1619 569 1679 defiderium
588 1625 839 1681 nostrum
858 1624 1166 1693 descendit3
1202 1628 1258 1683 δε
1283 1640 1423 1702 puto
1453 1629 1661 1684 veniret
1694 1627 1755 1685 in
1788 1625 2061 1685 familiare
2089 1621 2273 1681 collo·

233 1701 440 1773 quium
460 1737 477 1761 ‚
516 1700 555 1757 fi
574 1701 718 1759 ultra
729 1719 880 1778 reges
900 1703 1170 1762 inveniret
1228 1723 1355 1761 uem
1377 1706 1693 1782 dignaretur
1705 1703 1932 1783 alloqui.
1973 1706 2168 1761 Unum
2196 1700 2273 1759 il-

233 1775 355 1836 lud.
371 1778 524 1856 quod
541 1780 702 1839 nobis
720 1782 801 1837 vel
817 1781 1188 1841 invidentibus
1254 1784 1326 1840 tis
1342 1785 1501 1841 restat
1518 1822 1534 1848 ,
1563 1800 1937 1860 exequamur:
1977 1780 2272 1860 digitoque

233 1856 424 1913 indice
454 1856 566 1916 hoc
593 1857 932 1918 sacrofinch
961 1864 1047 1918 ori
1073 1859 1278 1918 inserto
1315 1860 1467 1920 illaefi
1496 1860 1794 1939 probemus
1822 1878 1947 1921 vera
1958 1860 2154 1917 omnia
2168 1857 2275 1914 effe

223 1953 354 2013 quae
370 1933 563 1994 sumus
576 1937 797 1994 dicturi.
828 1939 883 1995 si
900 1938 1058 2003 fallo,
1075 1940 1299 1997 saeviant
1313 1954 1379 1997 ut
1394 1938 1857 2016 solentjustissimi
1871 1939 2059 1997 dentes
2075 1937 2136 1995 in
2153 1937 2272 1994 exi·

221 2014 381 2070 tiales
399 2014 647 2079 morsus,
680 2019 737 2074 δε
767 2028 981 2075 temere
1014 2018 1342 2075 mendacem
1359 2018 1704 2077 meritissima
1717 2035 1885 2096 poena
1898 2017 2143 2092 puniant.
2187 2019 2273 2072 Ac

222 2094 414 2169 primo
445 2091 514 2150 de
543 2095 855 2171 Protagone
883 2095 1034 2173 qnod
1068 2095 1207 2152 bene
1234 2097 1475 2155 memini
1491 2095 1721 2153 referam
1738 2135 1756 2161 ‚
1787 2095 2082 2172 postmodo
2095 2091 2273 2158 vobis,

221 2172 326 2249 qui
343 2171 433 2228 hic
450 2169 644 2231 sedetis
658 2172 902 2231 audituri
920 2211 937 2239 ,
972 2172 1303 2231 mirantibus
1335 2174 1573 2251 pandam
1606 2173 1939 2231 calamitates
1952 2190 2073 2250 quae
2094 2173 2268 2229 vitam

227 2268 414 2310 meam
449 2254 723 2311 continuo
742 2251 935 2310 nubilo
951 2253 1259 2310 turbarunt.
1319 2253 1425 2310 Sed
1461 2266 1758 2329 antequam
1791 2249 1965 2309 causas
1982 2250 2264 2329 justiffimi

222 2328 435 2388 doloris
449 2329 718 2389 accersam
736 2368 755 2392 .
782 2331 918 2409 quid
949 2329 1268 2390 sollicitanti
1301 2328 1484 2388 fatum
1515 2329 1673 2389 suum
1691 2331 1985 2409 Protagoni
2000 2330 2261 2388 nondum

227 2409 413 2468 adhuc
427 2409 656 2468 barbato
667 2409 951 2486 quondam
967 2408 1289 2486 responsum
1311 2408 1482 2467 fuerit
1502 2409 1784 2477 ,edocebo

307 2490 453 2545 Ante
493 2488 637 2546 hanc
666 2506 817 2546 aram
950 2488 1128 2545 nusin
1145 2486 1466 2561 orajaoebat
1478 2488 1636 2565 longi
1650 2488 1923 2563 temporis
1936 2484 2266 2543 abstinentia

222 2580 418 2644 purus,
431 2583 567 2624 cum
586 2565 793 2644 placuit
806 2567 849 2623 ti
891 2567 944 2630 i.
981 2569 1020 2622 ὁ
1034 2566 1341 2624 veridicum
1356 2581 1523 2644 caput
1540 2605 1556 2632 ,
1584 2562 1908 2644 obsequium
1925 2560 2261 2642 generofiffi·

224 2645 309 2701 mi
326 2645 472 2720 regia
489 2682 508 2707 .
535 2649 593 2704 δι
609 2645 672 2700 in
687 2642 832 2700 illius
846 2646 1150 2719 potentiam
1170 2660 1269 2721 per
1289 2644 1600 2724 freqnentia
1616 2644 1777 2702 verba
1779 2644 1802 2720 j
1810 2643 1988 2701 urasti.
2040 2638 2260 2696 Orbem

231 2735 508 2778 terrarum
542 2720 889 2779 Borboniaoe
1022 2723 1065 2780 ti
1095 2723 1424 2799 ‘ampridem
1457 2723 1638 2783 fatum
1668 2722 1863 2786 debet,
1902 2720 1994 2778 sed
2021 2720 2263 2776 Fortuna

230 2799 527 2857 Virtutum
544 2800 774 2858 inimica
791 2741 1044 2858 unffi
1127 2800 1209 2858 illi
1225 2814 1343 2861 tota
1356 2799 2117 2880 permifit.1vitquondamin
2131 2814 2264 2853 avo·

225 2895 357 2943 rum
376 2892 606 2936 tuorum
622 2877 768 2936 finus
851 2899 880 2936 r
917 2880 1088 2957 parteis
1103 2878 1595 2943 velocissimaDea,
1622 2884 1679 2940 δι
1710 2893 1996 2957 nunquam
2028 2877 2263 2936 exinte-

359 2960 634 3015 cucnrrit:
671 2970 762 3015 tan
804 2975 897 3015 em
923 2960 1246 3017 contumaci
1274 2959 1569 3018 rebellione
1596 2958 1805 3023 lassata,
1846 2974 1900 3014 te
1929 2958 1988 3014 in
2019 2971 2261 3032 regnum

280 3036 415 3095 alliae
428 3076 444 3102 ,
477 3043 535 3098 δι
552 3034 694 3094 filios
709 3051 834 3093 tuoe
850 3036 916 3094 ad
937 3039 1244 3113 Imperium
1263 3041 1434 3096 totius
1454 3039 1652 3097 Mundi
1678 3050 1851 3094 vocat.
1907 3037 1971 3092 lo
1983 3046 2119 3092 tunc
2134 3031 2259 3087 exi..

219 3115 313 3180 lia,
331 3118 389 3173 io
403 3116 591 3179 caedoe,
617 3117 676 3174 io
692 3113 871 3172 luctus
886 3155 903 3180 ,
921 3117 1257 3195 &quicquid
1274 3117 1589 3195 inquietum
1610 3117 1842 3173 Numen
1856 3147 1873 3171 2
1894 3125 1958 3168 ut
1971 3107 2257 3198 tot-heroi·

225 3193 988 3254 busobfisterenconmrium
1003 3197 1244 3253 invenit:
1292 3196 1415 3253 Post
1443 3193 1733 3253 turbidum
1765 3185 2258 3265 mareplaeidiflu-

222 3272 349 3345 &us
362 3274 647 3345 excipiunt
664 3274 982 3350 navigantes
994 3310 1009 3333 .
1041 3274 1201 3331 bellis
1228 3291 1423 3351 pacem
1440 3269 1719 3330 necessitas
1733 3265 1922 3345 alligat
1934 3304 1954 3332 ‚
1989 3271 2046 3326 δι
2061 3262 2255 3322 melio·

222 3349 381 3409 ribus
395 3348 639 3423 auspiciis
658 3349 848 3408 finitur
863 3352 1089 3409 vietoria
1100 3370 1271 3429 quam
1292 3351 1607 3410 inchoatur.

396 3428 497 3484 Sed
525 3443 649 3485 ante
677 3429 863 3487 valida
889 3430 1022 3487 beua
1051 3430 1302 3487 tradabit
1325 3449 1503 3486 mann.

389 3506 615 3564 Pavebir
637 3508 836 3583 mpla!
856 3507 1128 3583 Coltrasus
1158 3525 1366 3566 turmas
1392 3507 1593 3569 videm,

387 3581 698 3659 Primusque
722 3589 883 3660 cinget
913 3585 1004 3642 hoc
1032 3600 1191 3644 tunm
1217 3586 1368 3643 lauro
1398 3597 1575 3661 eaput.

389 3666 573 3720 Virtus
590 3662 785 3740 jacebit
849 3665 1046 3739 rincipic
1076 3662 1208 3739 lotfie'

381 3747 514 3799 Toto
537 3738 745 3815 sepulta
769 3676 993 3819 Ῑίινηὶηε
1008 3780 1025 3804 .
1068 3741 1180 3798 hinc
1200 3738 1365 3819 senx
1391 3740 1510 3799 Iber

388 3821 674 3880 feriturus
702 3838 876 3880 amm
902 3819 1066 3897 discat
1100 3820 1171 3890 ό·
1191 3818 1389 3950 samec-t>
1402 3819 1498 3876 eibi
2134 3895 2240 3945 Pu

1023 3922 1050 3931 -·
1393 3912 1440 3952 ,ο
1486 3914 1539 3975 3,
2248 3926 2275 3943 υ
