2738 4475
748 236 1497 310 PansVI.
1943 236 2180 332 ρ687

154 357 572 449 nimiolanguet
589 355 827 436 frigore:
875 361 946 416 Et
977 372 1164 416 tamen
1198 357 1406 415 idcirco
1427 354 1686 431 pecunias
1702 349 1816 412 suas
1832 352 2034 411 Avarus
2048 354 2187 411 dcli·

158 441 409 498 baturum
431 444 481 494 ie
504 451 666 515 negat
686 477 702 502 ,
717 440 847 516 quia
864 437 1177 495 immodico
1194 475 1211 501 ,
1245 435 1616 511 &impotenti
1635 432 1852 490 illarum
1868 452 2055 490 amore
2070 451 2188 509 per-

155 519 389 577 cellitur.
426 518 553 594 jam
566 517 632 573 ad
648 518 874 574 tertium
897 529 1295 593 argumentum
1312 513 1528 572 accedo.
2228 583 2237 593 .

234 598 386 654 Cum
405 596 469 651 fit
488 597 693 654 Avarus
706 595 973 654 societatis
987 595 1173 651 omnis
1189 634 1203 659 ,
1238 599 1292 655 ὃ(
1309 592 1567 650 amicitiae
1579 607 1801 666 expers.
1838 590 1964 668 quis
1982 588 2193 647 infoeli-

155 676 368 734 ciorem
386 692 518 730 eum
538 692 653 732 non
680 676 957 743 existimet
972 691 1141 752 quam
1202 691 1328 729 uem
1349 672 1600 728 maxime
1619 672 1638 724 ?
1658 669 1745 727 Est
1761 670 1916 726 enim
1933 670 2195 731 amicitia.

153 756 212 814 δι
225 753 449 811 societas
462 790 478 813 2
494 751 744 812 affertore
764 755 1017 830 Sapiente
1034 792 1051 817 ,
1067 771 1158 810 mc
1199 752 1541 809 icamentum
1559 750 1681 807 vitae
1697 789 1714 815 ,
1732 751 1786 808 &
1801 748 2198 822 immortalita-

152 835 263 900 tis;
306 836 360 889 &
387 830 561 888 homo
591 833 658 890 ad
687 849 993 909 utrumque
1023 849 1091 888 ex
1124 829 1287 896 infito
1316 825 1925 905 fibianaturapondcre
1945 829 2195 884 maxime

156 914 366 988 pronus
380 910 456 968 est
474 950 491 976 ,
522 909 727 970 scilicet
742 912 770 970 a
788 912 1015 969 nemine
1032 922 1247 968 amatur
1260 949 1278 974 ‚
1293 927 1427 967 cum
1446 907 1688 965 redamet
1703 906 2010 964 neminem.
2063 909 2194 966 lmo

157 1008 325 1054 vero,
357 991 393 1045 ὁ
426 993 617 1055 Avare,
1629 1031 1636 1048 .

317 1074 436 1125 Non
460 1089 600 1126 uxor
616 1068 835 1145 salvum
862 1084 917 1127 tc
946 1068 1074 1126 vult
1091 1105 1108 1128 ‚
1138 1087 1235 1125 non
1247 1065 1397 1141 fillius
1415 1086 1434 1119 .-
1475 1084 1643 1124 omnes

316 1149 469 1204 Vtcim'
499 1148 738 1206 oderunt.

157 1219 292 1283 Non
309 1242 443 1302 ergo
458 1239 668 1283 temere
686 1227 962 1301 Satyricus
979 1223 1366 1303 hujuscemodi
1387 1223 1637 1280 moribus
1650 1262 1667 1287 ,
1686 1222 1738 1281 &
1757 1221 1985 1301 ingenio
2001 1221 2196 1281 instru-

150 1304 312 1361 Qum
332 1303 624 1362 hominem
645 1304 716 1363 fic
731 1307 998 1363 devovet:

316 1387 475 1439 Vivat
509 1388 771 1442 Pacuvius
792 1424 809 1450 ,
851 1383 1044 1461 queso,
1086 1382 1178 1439 vel
1203 1380 1420 1456 Nestora
1452 1396 1664 1448 totum3

316 1461 562 1531 Poffideat
588 1476 853 1538 quaritur»
881 1465 1063 1537 rapuit
1094 1469 1268 1529 Ner03
1312 1458 1568 1517 montibus
1601 1478 1799 1517 aarum

316 1543 602 1614 becquet,
641 1560 729 1597 nec
752 1554 895 1596 amet
925 1559 1256 1617 qumquams
1294 1560 1382 1597 nec
1409 1553 1622 1597 ametur
1651 1537 1838 1597 abullo

321 1617 523 1691 Ecquid
550 1619 783 1674 mirum?

159 1697 230 1753 ln
247 1691 464 1758 nullum
485 1695 687 1752 Avarus
704 1696 880 1753 bonus
893 1697 986 1757 est,
1003 1697 1060 1754 in
1078 1693 1130 1754 se
1147 1695 1420 1775 peffir‘nus.
1453 1696 1526 1753 At
1539 1713 1732 1773 parum
1752 1695 1828 1752 est
1842 1690 2078 1752 invisum
2096 1691 2200 1751 ess‘e

158 1769 487 1828 mortalibus
506 1812 521 1837 ,
556 1773 655 1831 nifi
689 1778 744 1834 &
771 1776 1014 1852 ipsorum
1046 1775 1317 1851 Superum
1351 1776 1547 1833 odium
1566 1775 1622 1831 in
1642 1772 1801 1833 suum
1819 1789 1984 1848 caput
2001 1772 2198 1844 eliciat,

152 1847 397 1907 infensus
413 1849 621 1911 scilicet
893 1858 1008 1911 Diis
1042 1858 1195 1912 iratis
1216 1892 1232 1914 ‚
1275 1858 1535 1931 Genioque
1550 1853 1771 1929 sinistro·

152 1927 284 2007 Jam
307 1947 435 1987 vero
446 1929 511 1986 ad
527 1931 627 1989 alia
642 1950 877 2009 propero
895 1971 912 1994 .
947 1953 1071 2012 quae
1084 1934 1444 2012 perstringam
1460 1933 1645 2008 paucis
1662 1971 1681 1996 ,
1706 1945 1973 2009 quatenus
2001 1927 2030 1986 ὲ
2050 1928 2199 1986 vasto

153 2012 270 2064 hoc
287 2009 511 2065 Oceano
532 2030 624 2068 me
639 2013 891 2088 protinus
908 2012 1215 2087 expediam.
1260 2014 1493 2091 Antiqui
1515 2009 1794 2087 cujusdam
1822 2008 2050 2072 effatum
2067 2011 2162 2073 est,

316 2094 437 2144 Non
459 2088 581 2146 bene
604 2102 699 2166 pro
730 2106 841 2148 toto
869 2091 1080 2148 libertas
1113 2092 1364 2149 venditur
1396 2112 1548 2150 auro.

146 2161 299 2244 Qs
315 2184 480 2243 porro
493 2163 598 2224 suae
617 2169 881 2229 libertatis
900 2210 916 2234 ,
959 2188 1019 2226 ac
1035 2168 1264 2246 suijuris
1279 2189 1450 2248 quam
1474 2173 1680 2226 Avarus
1695 2168 1882 2225 minus
1898 2166 2000 2224 ess‘e
2012 2161 2205 2246 possit?

313 2253 431 2303 Non
456 2247 636 2309 video,
677 2268 801 2307 narn
831 2253 927 2326 qui
948 2252 1152 2327 cupiet,
1193 2266 1396 2308 metuet
1429 2270 1664 2327 quoque.-
1698 2260 1855 2324 porro

317 2322 451 2402 Qui
479 2341 708 2384 metuens
740 2332 887 2386 vivit
902 2370 917 2395 ,
960 2329 1084 2386 liber
1117 2327 1241 2387 mihi
1272 2349 1368 2388 non
1399 2332 1499 2386 erit
1527 2345 1782 2405 unquam.

152 2401 421 2476 Denique
449 2417 510 2457 ut
538 2405 757 2461 auribus
790 2408 972 2461 vestris
987 2407 1331 2479 parcamjam
1350 2406 1502 2483 quasa
1518 2403 1936 2464 fastidientibus,
1953 2405 2078 2479 quis
2095 2404 2202 2463 ibit

149 2476 371 2537 inficias
402 2478 749 2538 miseriarum
769 2483 1032 2537 omnium
1054 2480 1428 2538 miserrimam
1458 2481 1562 2536 esse
1595 2478 1896 2536 amentiam
1916 2518 1934 2544 ‚
1965 2498 2099 2536 cum
2130 2499 2202 2540 cx

153 2553 509 2632 Phiiosopho
525 2558 743 2615 summa
761 2557 1019 2616 foelicitas
1038 2559 1095 2615 in
1110 2557 1374 2635 sapientia
1393 2597 1410 2622 .
1444 2561 1498 2616 &
1532 2557 1691 2615 κᾶε
1703 2556 1932 2614 rationis
1948 2556 2041 2614 usu
2056 2560 2205 2636 opti·

153 2628 262 2694 n‘io
276 2633 449 2710 posita
464 2633 565 2690 fit?
583 2637 753 2713 Atqui
770 2656 837 2696 ex
855 2636 1121 2695 sententia
1137 2639 1241 2694 viri
1262 2635 1535 2714 sapientis,
1549 2640 1606 2696 δε
1620 2652 1805 2692 rerum
1824 2654 1937 2693 non
1954 2634 2209 2712 spernen-

156 2715 221 2770 di
242 2713 452 2778 arbitri,
466 2715 607 2770 inter
623 2714 845 2773 stolidos
861 2715 981 2774 illos
996 2716 1197 2792 quibus
1215 2714 1477 2773 Elleboro
1496 2715 1745 2773 maxime
1761 2733 1903 2793 opus
1913 2716 2210 2780 est,utiliu⁸

157 2790 308 2850 nulli
321 2809 491 2869 quam
513 2795 694 2851 Avaro
713 2794 817 2852 hoc
833 2794 1202 2852 Pharmacum
1224 2794 1327 2852 effe
1342 2793 1538 2871 potest.
1587 2794 1751 2851 Unde
1764 2795 2082 2854 etiamnum

320 2870 522 2929 Danda
553 2872 620 2948 est
649 2872 869 2931 Ellebori
894 2873 1061 2930 multo
1087 2884 1212 2949 pars
1242 2876 1481 2931 maxima
1506 2892 1675 2931 avaro
1688 2894 1707 2926 .-

321 2948 495 3024 Nescio
531 2972 601 3008 an
634 2956 947 3030 Anticyram
977 2954 1112 3009 ratio
1140 2956 1237 3011 illis
1262 2951 1469 3026 destinet
1497 2972 1711 3010 omnem.

153 3027 265 3086 Sed
285 3026 532 3086 hominis
547 3031 847 3087 amentiam
866 3030 1285 3089 animadvertite
1302 3056 1319 3098 ;

319 3110 374 3163 si
403 3111 517 3184 quis
548 3123 694 3166 amet
722 3110 955 3167 citharas
973 3148 990 3173 ,
1028 3121 1225 3186 emptas
1257 3121 1537 3185 comportet
1563 3111 1617 3166 in
1648 3129 1830 3177 unum,

323 3193 430 3241 Nec
445 3185 616 3259 studio
641 3188 848 3245 cithara
870 3227 886 3249 ‚
923 3208 1009 3245 nec
1038 3187 1197 3261 Musa
1227 3188 1433 3244 deditus
1468 3192 1591 3255 ulli3

327 3267 383 3319 Sa·
404 3263 511 3335 scal
543 3283 638 3323 ra,
670 3265 950 3342 &formas
978 3287 1072 3323 non
1092 3268 1278 3340 sutor3
1329 3269 1542 3339 nautica
1575 3265 1697 3323 vela

328 3346 483 3396 Aver
506 3362 565 3397 us
594 3348 940 3404 mercaturiss
987 3345 1181 3402 delirus
1216 3340 1286 3410 ὁ·
1319 3364 1494 3400 amens

326 3418 562 3495 Undique
585 3423 797 3478 dicatur
828 3426 1038 3479 merito.-
1084 3422 1213 3499 quid
1244 3422 1497 3497 discrepat
1523 3426 1620 3482 illis

328 3494 463 3576 ‚Qui
492 3515 723 3555 nummos
743 3538 759 3563 ,
801 3520 1101 3578 aurumque
1127 3502 1350 3557 recondit
1367 3538 1386 3564 .
1425 3503 1611 3578 nesam
1646 3504 1729 3559 uti

330 3572 630 3650 Compositis
650 3584 674 3631 ἒ

162 3652 314 3730 Qs
346 3651 612 3709 fanaticus
644 3654 801 3712 furor
820 3695 835 3719 ‚
863 3671 955 3712 aut
973 3676 1092 3733 quae
1110 3659 1352 3716 amentia
1372 3656 1550 3733 major
1568 3657 1668 3716 effe
1681 3661 1849 3734 potest
1875 3690 1893 3731 ς

176 3746 193 3755 ·
330 3738 470 3786 Cum
495 3728 657 3808 furor
701 3733 845 3791 haud
875 3736 1058 3793 dubius
1081 3775 1095 3797 .
1142 3756 1261 3794 cum
1278 3737 1359 3811 fit
1394 3734 1664 3813 manifesta
1691 3738 1943 3820 pbremsts

330 3815 404 3865 Ut
438 3810 652 3886 locuples
690 3817 962 3878 moriaris,
1004 3820 1166 3888 egenti
1199 3816 1384 3872 vivere
1409 3814 1547 3891 fato.

1304 3914 1307 3917 ·
2003 3898 2216 3953 Verum
