2738 4475
759 257 1263 325 *xlv-xa
1358 253 1653 327 ssv„
2131 252 2283 349 583.

305 380 439 438 Non
453 375 644 456 «passus
673 374 752 432 est
782 373 959 430 Botris
988 371 1280 447 Daphnida
1300 373 1627 451 Protagonis
1644 369 1902 429 victorias
1914 368 2124 431 diutius
2141 392 2268 431 me-

226 478 443 517 morare
460 498 475 519 ‚
509 455 596 513 sed
627 454 919 530 postquam
951 453 1175 528 negavit
1206 455 1369 511 tantis
1385 451 1672 529 praeconiis
1687 446 1928 527 satyram
1946 452 2265 518 convenire,

228 537 374 611 juffit
408 548 750 594 narratorem
778 529 856 586 sui
886 529 1133 604 promissi
1164 549 1495 594 memorem,
1511 528 1576 586 ad
1590 527 1893 589 secundum
1911 530 2269 607 experimen-

225 629 352 672 tum
371 612 722 672 descendere.
764 608 1079 668 &liberiori
1099 608 1241 683 stylo
1273 610 1641 687 Acigniorum
1672 608 1915 666 crimina
1948 607 2268 667 confodere.

221 695 373 751 Fecit
400 689 857 770 quodjubebatur
873 686 1121 764 Daphnis
1133 726 1150 751 ‚
1179 685 1270 744 sed
1287 695 1415 745 ant-'e
1432 690 1492 745 in
1510 686 1952 762 profunditatem
1972 688 2271 746 marmoris

220 774 458 850 patentis
475 767 708 828 immisit
720 768 982 845 digitum,
1000 766 1440 843 permittensque
1459 765 1676 823 vultum
1690 762 1853 823 suum
1872 766 2139 824 ruborem
2162 769 2272 838 (in-

215 853 401 909 dicem
419 849 660 926 pudoris,
675 849 775 924 qui
795 845 1037 902 formam
1058 846 1174 920 ejus
1189 847 1413 922 egregie
1429 844 1676 919 decebat)
1697 845 1874 918 palam
1894 843 2090 909 facere,
2106 842 2276 903 sustu-

216 929 286 986 lit
301 928 331 986 ὲ
351 943 494 985 terra
513 926 777 984 modestos
797 923 1009 986 oculos,
1043 928 1098 984 St
1117 922 1558 981 moderatiffimo
1574 924 1752 1003 gestu,
1770 921 1971 1003 infigni
1994 922 2272 993 facundia.

226 1007 380 1065 suam
402 1006 680 1063 historiam
701 1004 966 1080 ingressus
979 1003 1071 1058 est.

306 1088 509 1142 Raram
526 1083 656 1142 facit
677 1084 983 1140 mixturam
1002 1099 1134 1138 cum
1152 1079 1444 1138 faelicitate
1460 1077 1673 1136 forma:
1717 1080 1850 1137 adeo
1885 1080 2030 1139 male
2050 1082 2164 1140 nati
2180 1080 2273 1139 su-‘

224 1183 369 1223 mus,
392 1176 471 1228 ut,
496 1164 533 1220 fi
547 1162 683 1241 quid
703 1162 763 1218 in
782 1161 1129 1218 occasionem
1147 1155 1415 1236 ffiperbiae
1432 1159 1645 1222 Natura
1665 1158 1845 1224 dedit,
1877 1161 1949 1218 Di
1960 1178 2157 1218 vorum
2178 1163 2270 1220 in:

218 1243 382 1306 vidia,
399 1256 494 1300 aut
509 1242 731 1317 injuriis
750 1240 1053 1297 hominum
1071 1236 1237 1296 soleat
1250 1240 1531 1296 excaecari.
1593 1237 1730 1296 Non
1763 1237 1882 1296 sum
1903 1240 2132 1318 quidem
2150 1254 2270 1301 tam

215 1323 539 1381 temerarius
557 1321 854 1377 aestimator
872 1319 1004 1383 mei,
1020 1331 1084 1375 ut
1099 1317 1169 1373 de
1182 1335 1296 1377 me.
1315 1316 1462 1374 ultra
1474 1317 1639 1393 quod*
1651 1316 1744 1382 est,
1757 1315 2106 1395 praesumam.
2134 1322 2268 1378 Haec

213 1402 309 1459 ista
323 1399 486 1457 facies
512 1397 767 1457 nondum
783 1397 980 1455 decore
995 1396 1095 1453 suo
1110 1397 1391 1452 Venerem
1408 1394 1595 1452 movit
1610 1394 1677 1450 ad
1695 1414 1941 1454 amorem
1962 1437 1976 1461 ‚
2002 1417 2103 1456 nec
2121 1398 2269 1456 Gra-

213 1481 316 1536 tias
330 1479 531 1536 accivit
545 1477 614 1534 ad
629 1476 848 1532 cultum
865 1475 968 1532 sui.
1012 1475 1084 1528 Et
1098 1487 1308 1537 tamen,
1320 1472 1464 1551 proh
1480 1473 1660 1552 pudor
1677 1475 1690 1526 Ξ
1710 1474 1914 1549 placuit
1930 1476 2261 1555 ultraquam

208 1557 408 1614 debuit
427 1595 444 1619 ‚
461 1561 516 1614 ac
533 1555 687 1632 quod
708 1555 957 1609 maxime
976 1551 1383 1616 mirum,etiam‘
1397 1559 1490 1610 me‘
1508 1551 1689 1611 invito
1704 1554 1998 1630 Cupidinis
2016 1554 2265 1630 improbi

218 1635 532 1710 imperium
547 1632 814 1694 exercuit,
841 1634 898 1689 δε
915 1631 974 1687 in
991 1628 1371 1688 adorationem
1390 1627 1471 1688 sui
1491 1629 1815 1689 mortalium
1831 1630 2267 1694 scelestiffimum

216 1727 459 1770 vocavit.
2026 1761 2029 1766 .

318 1788 644 1847 Studiorum
665 1784 820 1844 causa
832 1785 1241 1865 Theompolim
1255 1787 1547 1854 veneram,
1566 1789 1625 1846 in
1641 1807 1750 1867 qua
1767 1801 1918 1866 pater
1936 1809 2091 1848 meus
2103 1787 2277 1866 pluris

227 1885 356 1926 mos
376 1868 720 1945 magistratus
733 1883 864 1923 cum
875 1865 1045 1924 laude
1059 1865 1219 1945 gestit
1241 1893 1260 1936 3
1279 1873 1282 1880 ‘
1306 1870 1597 1924 enimvero
1616 1907 1633 1932 ‚
1650 1869 1800 1945 quod
1816 1867 2277 1947 aequisjudicibus

219 1946 363 2004 solet
380 1986 398 2012 ,
432 1964 641 2022 pauper
669 1958 928 2003 mortuus
955 1945 1049 2002 est.
1111 1945 1368 2003 Poteram
1403 1945 1538 2004 tunc
1553 1948 1820 2021 temporis
1835 1948 1947 2022 ejus
1964 1947 2134 2004 aetatis
2148 1945 2276 2011 effe,

210 2043 328 2103 qua
348 2023 666 2082 fabulantur
680 2024 860 2081 Poe'tae
886 2038 1109 2101 raptum
1129 2025 1663 2103 Ganymeda,&qua
1677 2025 1921 2102 plerique
1939 2025 2104 2082 hodie
2120 2042 2278 2083 man-

215 2104 497 2178 cipatione
524 2103 776 2180 corporis
806 2104 1110 2177 praecipuos
1146 2102 1388 2160 honores
1405 2142 1422 2167 ‚
1463 2106 1520 2161 δε
1540 2104 1811 2160 maximas
1826 2122 1955 2180 opes
1972 2103 2271 2161 lucrantur.

215 2184 417 2244 Forte.
451 2194 517 2240 ut
547 2200 670 2240 mos
685 2181 764 2237 est
780 2181 881 2239 Aci
926 2181 1046 2242 niis,
1061 2179 1161 2257 qui
1178 2181 1439 2237 inanibus
1450 2179 1765 2258 spectaculis
1781 2183 2022 2241 illudunt
2036 2181 2270 2259 populo,

207 2262 570 2339 juventutem
592 2261 662 2319 ad
677 2259 889 2317 theatra
910 2278 1002 2316 em
1022 2259 1366 2335 majestatem
1387 2260 1693 2317 induerant.
1737 2263 2154 2338 Argumentum
2191 2260 2273 2318 fa·

218 2339 520 2402 bulaeerat‚
568 2358 608 2395 n
634 2359 671 2397 Λ
691 2360 729 2398 τ
753 2358 863 2396 tvi
884 2361 920 2398 τ
947 2359 981 2395 Α
1005 2357 1033 2395 s
1078 2357 1113 2395 c
1136 2357 1174 2396 u
1193 2356 1330 2394 1³11>
1354 2359 1374 2396 1
1399 2357 1439 2395 Ν
1462 2355 1502 2397 υ
1524 2355 1589 2396 Μ.
1652 2333 1948 2398 Cuiturbae
1965 2338 2271 2417 multiplex

215 2419 375 2477 causa
396 2438 492 2478 me
503 2418 688 2477 dedit:
732 2435 863 2475 nam
895 2429 1089 2493 praeter
1119 2415 1395 2475 natalium
1434 2418 1473 2475 s
1495 2414 1776 2474 leudorem
1810 2422 1865 2477 &
1883 2419 2266 2494 integritatem

217 2499 390 2575 patris
403 2537 420 2562 ‚
453 2514 580 2576 quae
624 2495 838 2553 mirum
869 2497 929 2553 in
946 2495 1180 2552 modum
1199 2496 1411 2553 civitati
1428 2515 1466 2573 p
1487 2494 1696 2555 nebat,
1712 2497 1883 2553 aetatis
1896 2506 2119 2573 quoque
2133 2495 2274 2552 deli*-

221 2589 356 2634 catae
370 2577 477 2634 flos
504 2575 798 2652 primaevus
817 2612 834 2638 ,
862 2575 1045 2649 &jam
1062 2572 1132 2631 ab
1148 2571 1243 2631 illa
1256 2573 1344 2630 die
1360 2576 1487 2632 Sors
1506 2572 1748 2652 maligna
1768 2612 1783 2633 ‚
1801 2575 1944 2630 inter
1966 2592 2058 2629 eos
2075 2591 2273 2649 pueros

230 2653 424 2711 locum
442 2654 617 2711 fecere
637 2690 655 2716 ‚
677 2670 818 2728 quos
833 2669 960 2709 vere
971 2655 1243 2710 Venerem
1261 2651 1525 2730 peperisse
1540 2671 1655 2710 non
1670 2650 2021 2730 poenitui-iser.
2077 2651 2273 2727 Itaque

234 2730 539 2807 corymbio
555 2746 722 2808 caput
737 2731 1062 2799 adornatum
1093 2735 1248 2806 mjus
1261 2733 1413 2788 aurei
1429 2732 1611 2811 capilli
1627 2732 1804 2788 calido
1824 2728 1970 2788 ferro
1990 2728 2189 2787 vibrati
2207 2730 2269 2790 in

227 2810 422 2872 undas.
437 2812 517 2868 im
592 2809 742 2867 'nem
760 2807 1073 2884 praebebant
1087 2809 1146 2866 in
1190 2808 1322 2866 uicti
1342 2808 1763 2879 maris3volsellis
1781 2811 1841 2869 in
1856 2808 2271 2868 semicirculum

223 2888 492 2966 equalem
507 2909 539 2946 a
589 2885 829 2946 confinia
845 2886 1113 2946 malarum
1189 2907 1224 2944 n
1306 2902 1436 2947 ntur
1450 2893 1505 2949 &
1535 2890 1918 2967 producuntur
1948 2886 2236 2967 supercilia
2252 2905 2275 2950 3

223 2967 430 3026 ceruss‘a
455 2968 725 3027 delinitur
751 2966 948 3030 faciess
989 2968 1218 3043 *pur-puri
1263 2968 1376 3026 oin
1394 2965 1524 3027 rosae
1542 2969 1829 3029 matutinae
1847 2968 2092 3028 colorem
2111 2985 2270 3044 genae

223 3046 533 3126 labellaque
551 3058 920 3124 premuntur3
953 3044 1144 3104 laCteas
1173 3048 1410 3105 cervices
1433 3046 1668 3105 caesaries
1687 3049 1836 3105 vario
1850 3058 2144 3124 unguento
2160 3044 2272 3103 fra-

224 3143 384 3202 grans
395 3165 412 3187 .
430 3132 487 3186 ὃῑ
504 3127 719 3205 liquore
737 3123 984 3202 pretioso
996 3125 1216 3184 madida
1231 3126 1541 3202 pererrabat
1559 3147 1572 3182 z
1607 3144 1781 3182 aureae
1797 3125 2058 3199 pinnulae,
2073 3121 2272 3197 phare·

225 3217 314 3259 tra
328 3223 397 3261 ex
414 3223 568 3269 auro,
583 3208 639 3264 δε
663 3203 872 3281 sagittae
885 3206 1059 3263 aureis
1073 3205 1267 3281 pennis
1280 3204 1348 3262 ad
1361 3206 1640 3279 impetum
1658 3202 1851 3259 effictae
1868 3242 1885 3267 ,
1904 3205 2049 3258 circa
2069 3201 2275 3257 hume-

234 3299 326 3338 ros
343 3279 600 3340 sonabant
618 3322 633 3347 ,
648 3296 842 3340 mutua
856 3281 1070 3341 lascivia
1084 3282 1395 3341 tremulum
1416 3282 1733 3341 resultantes
1750 3322 1766 3346 ,
1799 3294 2117 3338 oneraverat
2138 3278 2273 3336 smi-

234 3361 407 3419 stram
424 3378 578 3417 arcus
595 3379 828 3418 corneus
842 3400 858 3425 ,
877 3361 1160 3419 dexteram
1179 3360 1275 3419 fax
1289 3362 1419 3439 igne
1436 3360 1659 3419 corusco
1676 3359 1973 3436 splendida.
2028 3361 2170 3428 Quis
2188 3358 2274 3416 in-

231 3452 321 3497 ter
338 3451 427 3496 tot
442 3457 593 3495 arma
606 3437 946 3497 saevientium
966 3441 1316 3515 Cupidinum
1333 3441 1446 3499 fine
1481 3440 1596 3496 istu
1627 3439 1696 3511 ‚ab
1733 3437 1850 3513 ipso
1884 3436 2186 3512 spetZtaculo
2216 3439 2273 3496 δε

233 3517 393 3576 scena
411 3516 691 3577 remeaffet
706 3517 945 3575 domum
963 3519 985 3572 ?
1016 3518 1314 3597 Qidquid
1341 3519 1402 3576 in
1426 3519 1771 3576 contrarium
1793 3516 2051 3574 nuditatis
2064 3528 2272 3574 amato·

156 3669 160 3675 ‚
232 3616 321 3655 res
335 3599 591 3674 ingerant
607 3637 624 3661 ‚
651 3597 841 3673 juvant
860 3614 958 3655 nos
975 3612 1299 3656 ornamenta
1315 3637 1332 3662 ,
1362 3601 1418 3657 δε
1446 3596 1557 3673 ipse
1573 3595 1791 3653 habitus
1804 3596 2006 3653 cultior
2024 3597 2273 3673 multum

235 3675 391 3735 addit
405 3676 474 3733 ad
491 3674 756 3732 formam.
2022 3678 2023 3681 ’

400 3755 525 3813 Inde
555 3754 683 3813 mali
709 3753 847 3813 labes
865 3792 882 3815 ‚
924 3753 1196 3835 nostreque
1226 3757 1423 3833 injuria
1440 3755 1627 3831 gentis.

317 3838 443 3896 Hoc
477 3833 655 3894 telum
693 3832 802 3895 fuit
829 3836 989 3914 quod
1020 3834 1742 3968 NometumoAcigniorum
1770 3830 2091 3913 praefefitum
2129 3830 2271 3964 {xi-t.

385 3936 390 3939 ,
467 3936 470 3945 ,
1409 3931 1445 3969 0
1485 3930 1530 3987 4
2187 3921 2279 3968 Ulc
