2738 4475
687 206 698 249 1
887 176 956 253 -P
1009 203 1103 254 aa·
1153 196 1310 259 3:11·-
1349 206 1402 258 ,τ
1458 92 1599 387 &Ii
1642 190 1757 257 -.W
2082 202 2222 281 ¹29

173 294 560 401 boe'gravi's.
611 296 811 375 Nam
829 301 1280 380 utilluxitdi‘es
1293 305 1454 386 alia,
1551 299 2009 401 esci‘oqnotex
2022 297 2232 369 Fibul-

188 403 339 475 lii&
362 401 707 474 canionis
724 400 923 471 domo
941 395 1276 487 salutatum
1296 404 1699 476 introivimus
1716 440 1740 481 ‚
1776 403 1845 470 δι
1872 396 2239 494 Archoropi

179 500 489 590 somnum
505 498 938 573 exultantibus
955 503 1282 598 tympanis
1295 542 1324 587 ³
1342 501 1630 601 tubisque
1646 494 2069 598 'perfregimus
2093 523 2111 568 r
2133 495 2241 593 qui

173 596 632 697 dispensatore
666 624 787 695 qua
801 623 919 671 nos
938 624 1084 670 cum
1103 597 1387 699 sportula
1400 602 1752 679 dimitteret
1766 600 2243 693 interrogante,

175 721 444 768 tantam
481 693 729 769 effimdi
764 699 1092 795 pecuniam
1111 696 1320 791 juffit,
1359 721 1661 800 quantam
1686 720 1817 769 non
1833 713 2094 793 caperet
2109 692 2245 762 avi-

175 796 356 869 ditas
395 794 631 872 nostra.
689 793 841 869 Nec
878 795 1178 868 humilius
1217 823 1413 895 quam
1450 820 1584 870 erat
1620 799 1911 895 loquutus
1944 791 2240 889 expediri

182 920 417 967 munus
466 892 669 988 juffit.
726 895 992 992 Qippe
1008 897 1348 992 produetus
1368 897 1465 968 est
1484 892 1696 975 saccus
1715 898 1977 994 ingens,
2026 889 2238 962 numis

175 997 500 1094 argenteis
540 997 785 1091 plenus
808 1017 833 1075 ς
865 991 1306 1092 permistusque
1324 993 1771 1093 diripientibus
1787 991 1971 1064 nobis
1990 1034 2013 1071 ‚
2066 1011 2238 1061 nune

177 1114 517 1166 onerantes
555 1093 820 1173 finum,
871 1116 1039 1163 nunc
1058 1095 1488 1191 deprimentes
1505 1095 1798 1166 laciniam
1814 1090 2039 1167 vestis,
2093 1111 2241 1159 tan-

170 1193 319 1264 dem
332 1187 714 1293 gratiffima
730 1187 1153 1270 soecunditate
1170 1188 1432 1265 lass'avit.
1482 1193 1673 1268 Nihil
1691 1216 1968 1289 unquam
1988 1212 2072 1259 eo
2092 1211 2239 1260 mu-

167 1314 321 1363 nere
340 1292 639 1389 plenius.
691 1292 869 1366 Nam
889 1288 1177 1367 sumendi
1193 1292 1606 1391 cupiditatem
1628 1291 1906 1366 muneris
1928 1287 2236 1387 amplitu-
2266 1340 2267 1347 κ

172 1389 262 1462 do
278 1387 701 1463 exhauserat.
1704 1390 1718 1471 f

271 1493 434 1587 Ego
473 1489 839 1585 praecipue,
874 1488 1004 1582 jam
1020 1479 1131 1589 spe
1150 1489 1433 1564 animum
1447 1489 1516 1560 in
1537 1476 1808 1562 diversas
1825 1508 2002 1561 curas
2016 1481 2241 1581 intonl

169 1586 384 1659 dente
408 1630 437 1667 ‚
491 1585 576 1655 ad
615 1583 811 1660 solam
846 1588 1057 1660 onusti
1085 1593 1369 1687 corporis
1389 1588 1789 1660 debilitatem
1805 1586 2054 1685 argenti
2070 1610 2237 1684 pon-—

170 1686 303 1755 dus
337 1684 709 1769 aestimans,
762 1685 840 1757 ab
878 1685 1241 1786 Archoropi
1275 1689 1473 1759 beato
1503 1689 1730 1759 limine
1748 1684 2103 1783 postremus
2123 1707 2240 1754 ex-

176 1780 340 1856 cessi
359 1828 386 1863 ‚
443 1780 754 1882 sociisque
787 1810 955 1858 nunc
995 1787 1318 1885 pondere,
1361 1811 1533 1859 nunc
1565 1785 1801 1887 gaudio
1829 1781 2238 1856 aestuantibus

172 1878 439 1954 facinus
463 1882 694 1979 ingens
714 1881 885 1956 ausus
905 1932 928 1967 ,
983 1885 1059 1956 ad
1087 1888 1479 1958 vendentem
1498 1882 1675 1955 fucos
1695 1882 1968 1961 intravi,
2005 1889 2070 1954 δι
2097 1905 2242 1952 mu-

173 1982 330 2054 tatis
350 1981 626 2054 modico
644 1985 855 2081 pretio
875 1984 1155 2057 vultibus
1175 2034 1200 2070 ,
1220 1982 1524 2085 faffoque
1543 1982 1704 2056 mihi
1726 1982 2004 2056 Gelonis
2021 1978 2239 2050 nomi·

171 2104 258 2153 ue
276 2126 299 2161 ‚
341 2083 379 2151 a
404 2078 751 2153 miserabili
770 2079 1027 2156 servitio
1043 2079 1263 2183 fugere
1284 2087 1490 2182 coepi.
1545 2089 1648 2154 Ac
1670 2107 1814 2154 cum
1838 2079 1971 2152 dies
1988 2080 2234 2179 aliquot

176 2180 481 2251 locorum
519 2183 767 2280 ignarus
786 2181 1160 2257 aberraffem
1177 2228 1202 2266 ‚
1251 2185 1511 2258 tandem
1529 2185 1596 2254 in
1611 2206 1751 2255 eam
1770 2181 2101 2281 regionem
2119 2202 2234 2252 ve·

181 2281 295 2358 ni,
342 2278 453 2350 ubi
489 2275 720 2353 saevum
756 2289 822 2354 &
860 2280 1150 2356 insanum
1189 2309 1361 2355 mare
1398 2284 1704 2383 conjuges
1736 2277 2228 2353 consultissimos

180 2377 410 2450 habet.
437 2380 537 2453 Hi
555 2380 915 2478 privignam
934 2383 1064 2472 ‘jam
1082 2383 1244 2468 olim
1264 2383 1589 2456 Venerem
1609 2380 1926 2459 admirati,
1947 2376 2008 2449 se
2026 2377 2232 2449 suam-

177 2501 314 2573 que
331 2477 639 2570 Cyprum
655 2475 925 2547 barbaro
943 2476 1281 2574 permistffe
1298 2482 1565 2578 imperio
1582 2528 1607 2564 ‚
1645 2499 2075 2552 matronarum
2115 2499 2236 2573 pe-

190 2578 393 2644 stora
431 2571 713 2650 nudant,
748 2580 818 2643 &
854 2576 1023 2644 illius
1056 2572 1218 2645 sacra
1244 2578 1558 2673 operosius
1597 2582 1860 2661 colunt,
1901 2595 1969 2646 ut
2013 2574 2237 2648 eximii

179 2667 479 2768 lepores
512 2667 698 2741 deam
713 2671 790 2740 ad
811 2671 1080 2745 reditum
1101 2674 1398 2747 invitent.
1444 2681 1591 2749 Nec
1608 2681 1735 2770 jam
1757 2683 2021 2754 Verona
2039 2674 2237 2775 longe

135 2859 138 2862 Α
185 2770 460 2844 aberam
478 2821 500 2853 ,
542 2787 689 2840 cum
711 2770 957 2843 cuidam
981 2773 1201 2869 Apulo
1215 2797 1291 2845 ex
1316 2776 1527 2852 Gallia
1544 2777 1826 2851 redeunti
1842 2775 2228 2874 conjungor.

182 2872 319 2942 Ille
352 2866 418 2939 se
462 2863 788 2942 Caesarem
831 2873 1036 2944 vocari
1058 2871 1344 2946 dicebare
1387 2877 1483 2946 cui
1501 2902 1665 2977 ego,
1701 2884 2009 2976 utpote&
2032 2875 2234 2964 itine-

173 2996 319 3043 rum
343 2966 590 3051 dosto,
632 2969 797 3042 &in
817 2969 1035 3043 urbem
1064 2971 1147 3042 ali
1197 2995 1336 3047 uam
1365 2977 1697 3064 tendenti,
1747 3002 1937 3075 quam
1955 2997 2087 3070 ego
2108 2971 2237 3042 ssu-

185 3065 547 3140 diofissime
572 3095 687 3165 per
739 3070 1038 3155 nitebant,
1049 2998 1305 3170 persuasi
1324 3070 1538 3148 foedus
1558 3071 2237 3155 faceremus‚neutrum

175 3168 215 3240 ὅ
239 3165 423 3237 socio
440 3159 556 3259 nisi
568 3193 680 3266 per
711 3170 864 3239 εᾶο
877 3170 1134 3242 demum
1154 3174 1380 3247 itinere
1402 3171 1802 3246 recessurum.
1863 3165 2068 3261 Qud
2086 3191 2234 3242 cum

127 3335 133 3339 .
170 3259 513 3366 plusquam
535 3269 795 3338 militari
814 3268 1202 3342 sacramento
1223 3271 1642 3345 firmassemus
1661 3317 1684 3351 ‚
1737 3269 2071 3341 Veronam
2088 3291 2238 3364 per-

174 3367 483 3440 venimus
522 3367 871 3466 incipiente
906 3372 1176 3468 primum
1200 3373 1398 3444 noCte
1416 3417 1438 3451 ‚
1495 3377 1563 3441 δε
1592 3366 1669 3435 ad
1693 3367 2051 3438 Antonium
2076 3371 2231 3440 Cae-

177 3463 336 3536 saris
377 3460 754 3538 familiarem
796 3466 1196 3541 divertimus.
1252 3477 1319 3541 Is
1336 3493 1413 3541 ea
1436 3466 1714 3564 primum
1735 3466 2233 3553 coenalafiucis,

169 3561 522 3647 nasturtio,
569 3564 1011 3666 columbisque
1030 3561 1400 3639 leffissimis
1420 3563 1723 3658 excepit,
1758 3572 1821 3637 δι
1845 3610 1868 3643 ,
1906 3588 2024 3644 ne,
2058 3562 2103 3634 fi
2129 3563 2234 3635 so-

163 3666 210 3737 li
217 3663 366 3738 rarii
387 3663 813 3752 dormiremus
835 3712 858 3750 ,
877 3668 1196 3765 nosturna
1216 3663 1513 3765 prodigia
1532 3680 1817 3736 mentem
1836 3662 2230 3745 diducerent,

1191 3768 1241 3843 ,1
2010 3758 2233 3861 gratis-
