2738 4475
765 210 1788 288 ,PARsIV0'
2145 207 2275 313 383

230 329 532 444 plicatam
554 323 583 421 ,⁵
618 358 766 407 cum
809 334 1015 433 Angli
1039 327 1314 430 stragem
1334 327 1620 398 hostium
1643 332 1709 398 &
1733 323 2100 399 vastitatem
2119 326 2294 404 fecis-

231 439 366 515 sent
387 489 412 526 ‚
456 429 706 509 'nimius
722 431 901 507 aestus
927 476 946 513 ‚
1002 439 1067 504 δι
1092 429 1360 501 suavitas
1397 450 1738 523 pomorum
1760 468 1785 505 ‚
1827 450 1899 497 ac
1930 426 2294 518 baccarum,

228 566 382 642 quas
404 540 516 610 illa
537 537 729 636 plaga
747 532 938 606 habet
959 575 980 610 ‚
1019 530 1188 628 pene
1208 548 1418 598 totam
1457 523 1834 597 debellavit.
1890 523 2295 600 Discrimina

233 636 721 723 omnia‚&adeo
740 632 1302 726 mortem‚impetu
1325 628 1463 722 plus
1488 650 1678 722 quam
1699 625 1942 720 judicio
1960 625 2293 724 spernunt:

235 744 325 814 Et
343 738 497 810 hinc
519 723 879 806 u'tiliffimos
903 731 1185 804 militum
1211 726 1473 808 dixeri3‚
1489 724 1596 795 ubi
1619 725 1846 797 ducum
1862 724 2113 799 suorum
2133 751 2297 799 con-

241 839 383 911 filio
404 855 747 935 regunturz
804 839 926 905 Sua
944 850 1157 900 autem
1176 822 1407 924 sponte
1427 846 1682 895 ruentes
1703 880 1721 908 ,
1784 826 1982 897 &illa
2012 827 2295 903 audaciae

185 992 193 1001 .
251 937 525 1032 caligine
543 934 753 1032 pleni,
793 931 874 1001 de
891 925 954 999 se
969 925 1188 1026 saepius
1212 923 1350 1023 post
1371 920 1657 995 funestos
1677 926 1881 996 exitus
1900 927 2076 1022 queri
2098 952 2294 1025 quam

248 1038 330 1108 de
348 1032 594 1106 fortuna
613 1031 993 1104 debuerunt.
1019 1033 1033 1063 ¹
1056 1034 1136 1098 In
1155 1025 1393 1122 Belgio
1413 1048 1560 1095 cum
1584 1021 1786 1094 studia
1804 1025 2071 1122 partium
2089 1051 2294 1125 nuper

241 1141 312 1208 &
333 1159 500 1206 arma
520 1130 814 1205 saevirent
835 1176 857 1212 ,
911 1127 1151 1203 milites
1190 1124 1326 1200 His
1319 1123 1688 1221 panicarum
1710 1124 1978 1220 partium
1997 1126 2239 1226 aliquot
2258 1125 2298 1200 ὲ

239 1235 499 1308 Batavis
520 1233 697 1331 capti
716 1250 922 1315 erant,
940 1236 1004 1303 &
1032 1223 1371 1324 suspendio
1389 1218 1779 1294 conficiendi
1800 1250 1820 1296 .·
1839 1225 1951 1312 (ita
1972 1223 2174 1297 visum
2191 1250 2301 1297 re·-

237 1332 409 1407 ferre
425 1335 640 1409 vicem
663 1328 851 1411 hosti,
876 1330 987 1427 qui
1006 1328 1299 1424 captivos
1315 1319 1549 1392 eodem
1563 1320 1723 1393 lethi
1745 1347 1981 1423 genere
1996 1325 2303 1424 perdide..

236 1444 396 1528 rat.)
460 1429 680 1505 sedin
700 1453 925 1499 omnes
946 1424 1159 1497 saevite
1175 1448 1308 1494 non
1331 1420 1586 1518 placuit.
1661 1424 1761 1495 Ex
1800 1446 2070 1524 quatuor
2104 1432 2173 1498 δι
2199 1428 2301 1498 vi-

233 1532 417 1633 ginti
460 1544 590 1616 (tot
609 1528 788 1596 enim
811 1525 983 1622 capti
1000 1531 1208 1614 erant)
1244 1522 1403 1590 οᾶο
1430 1518 1508 1590 ad
1544 1521 1840 1619 laqueum
1864 1524 2298 1597 destinantur:

176 1697 182 1706 .
246 1629 506 1703 caeteris
531 1623 941 1695 incolumitas
964 1616 1262 1719 promiffa
1276 1616 1393 1691 est.
1463 1618 1771 1691 Demiffae
1808 1623 2001 1722 igitur
2035 1625 2103 1694 in
2127 1623 2306 1696 caffi·

243 1728 404 1800 clem
424 1721 650 1807 sortes,
673 1720 941 1822 juffique
960 1719 1185 1819 singuli
1207 1715 1379 1790 suum
1401 1713 1601 1791 fatum
1620 1720 1951 1792 extrahere
1972 1750 1991 1793 x
2045 1725 2156 1822 qui
2174 1719 2303 1794 tes-

242 1825 457 1899 seram
475 1817 808 1893 sustulisset
825 1821 995 1892 nulla
1017 1840 1170 1890 nota
1192 1816 1302 1890 infi
1326 1838 1504 1891 -nem
1522 1874 1543 1902 ,
1585 1820 1941 1916 periculum
1955 1820 2264 1922 effugeret
2288 1846 2313 1906 3

230 1928 355 2027 qui
376 1913 557 1995 ferali
575 1922 863 2020 imagine
879 1915 1242 2016 impressam
1264 1963 1285 1999 ‚
1307 1845 1521 1989 {latim
1543 1915 1620 1988 ab
1638 1915 1887 1992 infelici
1904 1920 2128 1992 arbore
2149 1946 2309 2020 pen-

229 2032 446 2101 deret.
490 2022 816 2096 Omnium
841 2017 1165 2091 mentibus
1185 2018 1415 2117 ingens
1437 2018 1702 2114 periculi
1723 2020 1945 2120 imago
1962 2020 2308 2118 inerrabat3

231 2124 500 2228 quidam
544 2121 864 2221 praecipue
894 2114 1225 2216 Hispanus
1261 2117 1428 2192 votis
1447 2115 1921 2219 lachrymisque
1943 2119 2308 2294 miserciicor-

2170 2247 2302 2296 iam

235 2350 320 2420 vpit
335 2383 351 2407 ‚
384 2348 662 2403 Elizabethae
702 2348 846 2402 fretus
877 2349 1062 2400 auxiliis
1091 2347 1251 2401 denuo
1298 2364 1385 2400 nus
1398 2347 1491 2401 dux
1504 2365 1631 2403 anno
1648 2354 1791 2416 1567.
1822 2351 2064 2424 asperitate
2089 2354 2307 2407 animad-

243 2421 584 2485 Portugalliam
611 2431 789 2469 tentat:
829 2417 903 2468 sed
918 2416 994 2469 seu
1005 2416 1117 2469 fatis
1134 2419 1251 2469 invi·
1299 2417 1551 2477 verlionis,
1583 2437 1638 2471 ac
1650 2419 1900 2488 prasertim
1915 2424 2117 2474 duorum
2133 2425 2310 2488 prima-

244 2487 469 2537 dentibus
490 2518 509 2546 ,
537 2486 614 2537 seu
630 2488 796 2553 Anglis
810 2487 1005 2538 vi&oria
1019 2485 1254 2537 abutenti·
1304 2488 1385 2536 tir.
1401 2485 1667 2538 nobilitatis
1683 2491 1917 2540 comitum
1937 2525 1952 2548 ,
1969 2490 2208 2557 Egmontli
2224 2522 2241 2546 ,
2256 2490 2314 2539 δε
2411 2518 2423 2531 .

247 2553 365 2615 bus,
382 2554 575 2606 tandem
590 2555 841 2621 repellitur.
870 2555 1008 2605 unde
1020 2556 1257 2623 colligitur
1306 2556 1525 2607 Hornani
1553 2553 1778 2622 supplicio
1807 2558 1967 2624 Belgas
1998 2558 2199 2609 irritavit
2226 2571 2313 2606 an-

259 2635 317 2671 ut
346 2622 403 2672 de
437 2621 482 2672 se
508 2624 668 2690 potius
698 2637 836 2690 quam
864 2621 921 2672 de
948 2622 1133 2675 fortuna
1152 2623 1257 2694 post
1308 2639 1376 2674 no
1408 2624 1547 2688 1568.
1583 2640 1680 2691 quo
1707 2625 1910 2675 Carolus
1941 2624 2140 2693 Philippi
2171 2624 2318 2694 Regis

256 2688 473 2741 funestos
486 2694 634 2741 exitus
648 2692 777 2757 queri
788 2689 1000 2743 debeant.
1309 2688 1500 2760 Hispani
1530 2691 1652 2743 filius
1680 2692 1899 2745 exMaria
1914 2688 2318 2761 Lufitaniapatre

345 2774 369 2808 r
409 2765 464 2808 In
489 2765 623 2828 Belgio
648 2779 742 2809 cum
756 2758 1095 2831 fludiapareim
1122 2778 1255 2832 nuper
1312 2762 1361 2811 in
1377 2759 1630 2813 custodiat'n
1644 2762 1777 2814 datus
1794 2797 1815 2823 ,
1844 2765 1942 2827 ejus
1967 2764 2194 2815 mandato
2209 2765 2316 2815 neci

254 2833 328 2885 &-
356 2831 729 2893 armaſseoimrt,
765 2826 896 2896 ern]
934 2835 1036 2880 Haec
1065 2829 1257 2882 historia
1312 2830 1526 2883 traditur.
1578 2833 1767 2889 Batavi,
1796 2835 1846 2885 δι
1871 2836 2204 2885 Mattiacarum
2236 2830 2317 2885 scu

250 2896 379 2966 gesta
413 2897 478 2948 est
507 2896 681 2948 seilicet
704 2912 801 2967 quo
825 2911 1035 2965 tempore
1061 2898 1261 2966 Hispani
1309 2900 1659 2951 zelandicarum
1689 2899 1943 2953 insularum
1977 2903 2141 2954 incola:
2175 2902 2319 2968 primi

247 2982 360 3017 cum
392 2969 565 3035 Anglis
592 2963 859 3018 societatem
870 2981 1115 3019 armorum
1134 2969 1258 3018 inic-
1313 2983 1440 3018 anno
1459 2984 1597 3033 ¹572·
1631 2967 1864 3022 libertatis
1893 2969 2073 3038 iignum
2103 2967 2320 3020 sustulere

249 3049 392 3085 rant:
438 3054 551 3088 nam
583 3036 824 3104 postquam
851 3051 984 3086 mota
1015 3034 1124 3087 sunt
1162 3052 1262 3086 non
1311 3034 1491 3088 excufl‘o
1507 3035 1816 3105 Hispanorum
1834 3036 2210 3105 imperi03quod
2227 3036 2322 3085 im-

249 3099 396 3154 semel
411 3106 611 3157 invicem
625 3104 748 3156 bella
760 3103 849 3173 qua
866 3117 1003 3163 terra,
1014 3101 1109 3173 qua
1127 3106 1263 3163 mari3
1317 3106 1518 3156 modicis
1546 3107 1867 3156 exastionibus
1897 3103 2095 3156 invisum
2109 3102 2325 3153 reddide-

250 3172 454 3222 tandem
494 3190 602 3242 pace
646 3172 763 3223 initi
810 3171 999 3241 Hispani
1027 3176 1267 3226 auxiliares
1317 3190 1388 3224 rat
1406 3173 1637 3225 Albanus.
1689 3176 1765 3225 Ad
1796 3172 2160 3223 istorumfoedus
2174 3167 2322 3223 acces·

251 3243 532 3308 ,anglorum
559 3256 732 3292 turmas
767 3241 1008 3294 adversum
1045 3250 1263 3299 Batavos,
1321 3241 1413 3292 sere
1426 3242 1596 3292 deinde
1610 3242 1821 3292 civitates
1846 3255 2012 3291 caetera:
2028 3244 2128 3301 „&
2146 3241 2324 3292 inean-

328 3311 343 3359 i
371 3307 432 3358 ab
447 3307 675 3377 Hispania
695 3317 817 3378 Rege
831 3327 955 3362 nunc
968 3313 1175 3380 primum
1191 3311 1273 3360 de·
1321 3310 1432 3360 dem
1447 3314 1656 3360 coaluere
1671 3309 2006 3377 rempublicam
2022 3342 2042 3370 ‚
2058 3327 2155 3378 qua:
2167 3309 2322 3361 foede-

248 3325 507 3435 ἔπαυε,
528 3394 1000 3445 moverecoepertmt:
1035 3380 1096 3430 fic
1114 3394 1270 3429 autem
1323 3393 1534 3429 ratorum
1573 3378 1798 3428 ordinum
1840 3377 2070 3444 hodieque
2118 3379 2326 3437 dicitur3

247 3446 276 3499 Ξ
311 3449 499 3500 Batavis
542 3450 701 3515 iugum
742 3448 998 3514 Hispanum
1046 3444 1274 3497 excussum
1324 3447 1455 3497 diuo
1489 3453 1775 3512 Imperatore
1806 3446 2064 3496 Guilielmo
2103 3444 2325 3499 Naffovio

242 3518 327 3568 est.
377 3522 435 3566 In
457 3518 621 3585 Belgio
637 3550 652 3575 ,
682 3519 805 3584 quod
822 3524 1084 3586 Margareta
1102 3515 1272 3582 Philip·
1330 3513 1613 3565 Araulicano
1630 3551 1644 3574 ,
1675 3516 1749 3563 cui
1781 3510 1980 3564 succeffit
2001 3517 2250 3566 Mauricius
2266 3515 2324 3565 fi·

240 3584 480 3654 pifrarris
498 3587 695 3635 nomine
708 3585 1026 3653 gubernabat,
1067 3582 1277 3632 [imiliter
1327 3585 1417 3633 lius
1450 3585 1531 3633 ille
1556 3586 1633 3649 qui
1665 3583 1893 3649 Juliacum
1908 3585 2183 3651 expugnavit
2199 3599 2328 3634 anno

238 3671 297 3707 ut
316 3657 366 3705 in
389 3656 544 3705 Gallia
559 3689 578 3715 ,
616 3653 781 3704 infesta
817 3653 1183 3703 Calvinissarum
1201 3665 1272 3698 ar-
1336 3656 1477 3703 1610.
1510 3653 1556 3700 ἃ
1578 3654 1623 3702 in
1639 3651 1934 3704 deditionem
1948 3654 2124 3720 accepit
2144 3653 2334 3703 Franci-

236 3727 334 3775 mis
369 3739 510 3774 erant
543 3726 728 3773 omnia.
785 3719 949 3771 Missus
981 3720 1042 3768 ad
1058 3717 1175 3766 hanc
1190 3732 1268 3772 ua·
1324 3722 1389 3770 cis
1404 3720 1585 3782 adjutus
1603 3721 1804 3771 auxiliis.

228 3793 440 3849 eandam
454 3793 771 3865 provinciam
792 3787 1110 3839 Perdinandus
1128 3783 1276 3835 Alba·
1297 3782 1306 3861 ξ
2218 3866 2240 3901 ¹
2262 3856 2334 3903 De
