2738 4475
439 190 607 304 298·
948 177 1465 280 Eu-Pnonm·
1521 206 2027 274 Sarvnt'ct

441 333 715 403 tantiam
733 353 985 415 coetus,
1021 325 1343 431 plusquam
1377 331 1722 429 Lycurgica
1740 331 2034 427 rigiditas
2054 355 2130 403 ex
2156 325 2303 397 urbe
2320 325 2492 403 sum—

441 433 693 505 movit:
753 457 833 503 ne
869 435 1037 505 inter
1081 459 1259 529 pares
1279 429 1586 501 luxuriosa
1606 433 1926 500 aemulatio
1947 429 2158 503 solidis
2174 427 2497 523 patrim0-'

439 533 565 601 niis
607 529 927 603 constaret
949 581 971 617 ,
1015 535 1115 603 vel
1138 533 1401 603 liberam
1428 531 1756 601 civitatem
1778 551 1880 601 tot
1898 529 2182 603 satellitia
2250 531 2370 601 nasi
2392 533 2468 605 ad

435 631 785 731 imaginem
821 653 1235 729 tyrannorum
1273 651 1690 703 exterrerent·
1750 627 2226 729 Unaoptimat'l
2278 659 2344 701 us
2364 659 2469 705 ve-

435 729 585 809 stis,
629 755 757 799 non
803 735 1059 811 colore,
1103 757 1233 801 non
1255 731 1369 801 filo
1393 727 1710 828 pretiosa;
1764 731 2470 831 idemintegumentum

431 831 713 925 capitum
737 879 761 913 ‚
797 833 873 901 ad
891 855 1287 901 externarum
1311 833 1602 929 gentium
1628 833 1840 919 jocum
1862 881 1888 913 ,
1924 831 2196 927 simplex
2220 879 2242 913 ,
2282 835 2474 903 nulla·

429 949 559 1027 que
593 931 879 1001 melioris
915 929 1105 1001 seculi
1141 936 1465 1001 venustate
1486 929 1920 1027 speeiandum.
1974 929 2114 1027 Ipsa
2134 929 2474 1005 solitudine

425 1029 727 1127 neglecffia
763 1031 1097 1123 majestas3
1137 1031 1285 1099 dum
1332 1031 1636 1127 patricios
1678 1029 1926 1099 videbis
1968 1031 2148 1103 nullo
2166 1031 2472 1129 stipatore

425 1129 775 1227 circumagi
795 1129 1019 1227 scapha
1039 1135 1213 1201 vicos
1237 1139 1301 1201 &
1323 1153 1438 1225 per
1458 1151 1666 1201 totum
1696 1133 2002 1227 populum
2022 1147 2250 1203 errare.
2276 1131 2466 1203 Abfit

421 1227 569 1299 huic
593 1229 867 1299 licentiae
891 1233 1247 1329 ignominia
1269 1289 1287 1313 ,
1317 1229 1415 1299 sed
1444 1237 1508 1301 &
1536 1233 1895 1301 convitium
1916 1233 2254 1301 narrationi
2280 1255 2462 1303 meae.

421 1333 579 1401 Nec
603 1333 863 1399 mercari
881 1387 899 1413 ‚
947 1355 1061 1400 nec
1087 1332 1506 1399 mercimonia
1528 1353 1714 1399 manu
1736 1325 1896 1399 ferre
1916 1377 1934 1411 ‚
1974 1331 2318 1401 nobilitatis
2342 1329 2466 1401 fla·-

419 1429 651 1525 gitium
693 1427 809 1503 est.
867 1431 971 1499 llli
1013 1453 1223 1501 mores
1251 1477 1271 1509 ,
1309 1439 1373 1501 &
1417 1429 1520 1501 seu
1560 1427 1698 1501 casu
1734 1427 1838 1499 seu
1882 1433 2221 1502 calliditate
2252 1433 2460 1521 majo-

419 1553 559 1597 rum
603 1523 979 1601 feliciffimae
1021 1555 1249 1629 nugat,
1301 1533 1389 1601 ita
1426 1529 1782 1601 nobilitatis
1820 1531 2148 1603 licentiam
2198 1531 2460 1601 miscue-

415 1649 561 1697 runt
581 1675 603 1711 ‚
643 1651 711 1697 ut
749 1655 845 1700 res
881 1631 1109 1703 eadem
1131 1641 1195 1702 ἃ
1223 1655 1373 1703 nota
1391 1633 1702 1703 libertatis
1724 1641 1782 1701 &
1810 1631 2088 1703 custodia
2108 1629 2232 1701 ess'e
2250 1629 2460 1727 possit.

415 1731 599 1799 Nam
643 1737 707 1801 δέ
751 1733 1103 1827 optimates
1145 1735 1209 1801 in
1251 1731 1399 1801 urbe
1420 1733 1590 1801 velut
1614 1731 1710 1799 sua
1732 1753 2114 1827 evagantur3
2163 1729 2462 1801 neclibe-

413 1829 614 1899 riores
651 1831 887 1901 domos
927 1859 1113 1933 quam
1137 1833 1460 1929 publicum
1480 1829 1652 1901 suum
1674 1829 1928 1897 habent.
1986 1827 2222 1897 Rursus
2248 1851 2464 1901 autem

411 1949 541 1999 tam
603 1929 905 2001 modestae
953 1929 1409 2028 magnitudinis
1446 1931 1592 2024 lege
1632 1923 1900 2018 depreffi
1944 1949 2072 1991 non
2112 1923 2462 2016 dispiciunt

409 2030 687 2124 aequales
719 2032 1085 2098 eminentiae
1117 2026 1381 2120 suspesti
1413 2068 1435 2100 ,
1474 2032 1542 2094 ὅτ
1574 2020 1806 2090 Γεόὶειιη
1826 2020 2164 2088 clientibus
2188 2020 2450 2112 plebem

403 2144 647 2194 emunt.
707 2130 855 2193 Hoc
875 2122 971 2189 est
989 2120 1702 2218 grandemaledi&um,
1742 2116 1872 2188 haec
1898 2118 2304 2212 procacitatis
2324 2120 2450 2188 im-

395 2220 715 2300 manitas,
751 2242 941 2316 quam
979 2222 1047 2288 in
1083 2244 1191 2290 me
1227 2216 1506 2316 quisquis
1542 2220 1650 2288 ille
1690 2212 1941 2290 Censor
1958 2216 2052 2288 est
2078 2218 2448 2312 importuna

391 2316 724 2388 sedulitate
763 2316 1051 2392 notabat.
1108 2326 1197 2388 At
1233 2341 1299 2388 te
1335 2314 1550 2390 samita
1588 2316 2022 2414 Respublica,
2060 2340 2126 2388 te
2162 2342 2326 2388 vcrae
2354 2320 2456 2388 di-

309 2496 315 2502 ,
389 2416 657 2518 gnitatis
699 2421 767 2505 ξε
807 2420 1153 2514 opulentiae
1187 2420 1508 2490 alumnam
1552 2444 1818 2494 veneror
1853 2462 1876 2496 ‚
1938 2444 2020 2488 ne
2058 2420 2448 2490 memoriam

393 2540 497 2588 tot
537 2516 839 2600 laudum,
879 2524 945 2588 &
987 2518 1662 2614 Satyricibeneficium
1686 2518 1800 2588 tibi
1826 2518 1988 2586 ultra
2014 2514 2446 2588 suamsortem

389 2616 1065 2700 blandientis‚ins0ns
1093 2618 1385 2704 jocositas
1405 2620 1774 2716 extinguat:
1838 2616 1880 2686 si
1908 2638 1972 2686 te
1994 2618 2204 2716 dignis
2232 2620 2446 2688 nomi-
2529 2684 2550 2696 ,

389 2718 575 2790 nibus
597 2740 927 2788 veneratus
949 2712 1081 2788 sum
1101 2768 1121 2798 ,
1161 2728 1223 2790 &
1245 2720 1454 2788 mitius
1480 2740 1694 2790 tecum
1714 2742 1902 2816 quam
1942 2742 2084 2788 cum
2127 2720 2448 2790 Britannia,

389 2842 531 2890 mea
569 2818 695 2914 egi.
751 2816 903 2886 Post
937 2838 1069 2886 tam
1093 2818 1446 2914 {implicem
1474 2826 1540 2889 ὅ(
1564 2816 1986 2890 verecundam
2006 2816 2440 2888 defensionem

393 2941 601 2988 meam
623 2964 643 2996 ‚
681 2940 809 2986 non
855 2914 1093 3011 putabo
1117 2942 1229 3012 per
1251 2920 1432 2986 ullius
1460 2918 1716 2992 invidia:
1736 2918 2072 2988 maledieta
2094 2940 2158 2988 te
2176 2918 2438 2986 alienari

391 3016 471 3088 ab
489 3018 855 3086 innocentia
875 3040 1015 3086 mea
1035 3014 1231 3112 poss'e.

493 3118 779 3188 Utinam
805 3141 909 3186 me
933 3118 1275 3216 Acigniani
1293 3140 1424 3190 tam
1448 3118 1718 3190 candide
1738 3114 2062 3200 audirent,
2080 3116 2188 3214 qui
2210 3110 2440 3184 utrius·-

379 3220 507 3314 que
531 3216 733 3285 saeculi
755 3214 1087 3286 tribunalia
1111 3240 1401 3312 petentes
1426 3268 1444 3300 ‚
1484 3244 1828 3318 numquam
1850 3218 2016 3286 bene
2040 3238 2256 3288 tamen
2284 3240 2440 3284 con-

381 3316 493 3384 scii
531 3316 729 3382 animi
773 3315 1069 3386 fiduciam
1109 3318 1460 3390 terrebunt.
1524 3328 1764 3417 Ingens
1806 3312 2038 3400 faciit),
2082 3326 2144 3390 ¹&
2174 3314 2292 3386 sua:
2316 3340 2434 3410 po-
2537 3358 2548 3380 x

379 3414 599 3482 tentia:
633 3416 997 3486 auetoribus
1031 3420 1241 3514 gravis
1265 3466 1285 3496 ‚
1333 3424 1540 3488 'lenta
1580 3420 1866 3500 vincula,
1906 3424 1970 3488 δε
1996 3416 2172 3514 supra
2192 3420 2430 3492 Vulca-

377 3512 561 3582 nicos
601 3514 903 3586 haerentia
957 3518 1139 3588 dolos
1163 3564 1185 3598 ,
1229 3520 1468 3590 territis
1492 3520 1800 3588 alterutro
1824 3538 2004 3592 metu
2026 3520 2250 3588 animis
2270 3518 2438 3608 inje-

2312 3636 2430 3696 ατ,

443 3723 468 3759 1
505 3715 641 3759 Lenta
652 3714 823 3764 vinula
832 3747 857 3775 ,
888 3720 954 3771 &⁶
974 3718 1106 3784 snpra
1121 3719 1368 3768 Vulcania-os
1423 3715 1615 3769 Vulcani
1645 3716 1833 3771 vinmla
1932 3715 2035 3770 ibus
2053 3722 2259 3771 Manem
2275 3717 2324 3767 δι
2338 3720 2427 3764 Ve-

364 3775 574 3871 baetentia
585 3778 743 3847 dolon]
762 3787 866 3837 Hoc
876 3783 941 3836 est
954 3816 973 3844 ,
988 3784 1215 3897 isandica
1229 3801 1372 3856 quam
1425 3801 1587 3841 netem
1599 3784 1737 3841 caute
1750 3786 1842 3855 dep
1987 3786 2063 3874 sos
2075 3785 2422 3907 maiixi-inga-
