2738 4475
845 193 900 263 Ρ
1000 213 1048 263 Α
1147 214 1202 260 n
1303 214 1338 261 ε
1474 193 1643 262 111.
2121 143 2267 289 3¹3

213 325 390 422 'pene
429 315 600 391 fasta
634 317 1157 390 Ottomanorum
1189 313 1499 410 praecepit
1514 359 1535 392 ‚
1579 314 1720 410 plus
1761 317 2173 388 contumeliis
2195 322 2263 393 in

214 444 470 494 uxorem
509 443 705 516 quam
744 414 999 512 imperii
1017 413 1288 485 libidine
1302 410 1601 482 accensus
1623 412 1738 486 est.
1794 417 1962 487 Non
1983 414 2078 488 est
2099 421 2266 491 tanti

216 545 392 598 meus
424 519 589 590 liber
627 538 697 588 ut
737 514 999 609 imparis
1021 511 1154 583 odii
1177 510 1692 609 magnitudinem
1714 515 2016 612 excipere
2034 519 2263 592 velim.-

217 630 285 694 &
302 666 328 700 ,
365 617 409 689 si
430 621 736 715 pietatem
756 615 922 687 nolit
938 658 961 693 ‚
985 613 1156 682 ultro
1174 607 1237 683 se
1256 613 1434 684 iratis
1453 636 1635 685 noxae
1652 612 1852 687 dedit:
1881 617 2020 713 plus
2041 639 2264 692 tamen

222 717 602 790 innocentia
634 713 733 785 sua
766 732 984 786 motus
1020 736 1215 810 quam
1253 712 1544 810 periculo
1583 736 1759 798 meo.
1815 717 2168 790 Labetrum
2192 726 2263 793 δε

226 816 524 891 Pedatam
547 840 673 887 non
689 836 822 886 tam
840 811 1111 911 originis
1131 808 1406 884 vetustas
1423 869 1444 897 ,
1463 832 1569 883 aut
1587 815 1895 911 potentiae
1911 818 2143 890 extulit
2163 845 2275 891 ro-

229 915 390 999 bur,
420 941 602 1013 quam
641 914 947 986 virtutum
980 910 1323 984 claritudo.
1372 909 1616 1012 Neque
1650 917 2042 1011 praeconium
2079 939 2285 992 tantae'

232 1011 637 1088 conseffionis
657 1015 786 1106 jam
802 1008 1097 1096 effundo,
1115 1034 1217 1082 aut
1239 1007 1344 1111 spe
1361 1011 1830 1086 beneficiorum
1849 1019 2144 1115 agitatum,
2168 1040 2280 1093 aut

224 1115 609 1216 indignitate
641 1115 928 1186 terroris.
980 1111 1108 1184 Sed
1144 1112 1249 1183 ubi
1286 1137 1384 1185 res
1422 1111 1503 1183 ad
1518 1109 1748 1186 serium
1769 1116 2063 1210 procedit
2079 1165 2101 1199 ,
2142 1146 2279 1201 non

220 1214 418 1290 ausim
436 1214 515 1286 ad
529 1235 710 1286 tanta
725 1212 974 1312 fastigia
990 1211 1108 1284 nili
1135 1237 1281 1284 vera
1298 1212 1672 1285 adoratione
1685 1210 2014 1312 suspicere.
2056 1222 2147 1293 Et
2164 1246 2283 1293 ve·-

221 1341 301 1389 ro
333 1317 569 1386 nullius
609 1313 837 1414 fiagitii
855 1310 1173 1398 incusatos
1191 1332 1443 1383 tantum
1463 1313 1927 1413 velutipublica
1943 1344 2109 1395 voce
2125 1346 2283 1419 pro-

220 1415 401 1489 duxi.
419 1417 608 1487 Nam
631 1419 1163 1497 communem,.&
1187 1410 1230 1483 fi
1249 1412 1529 1485 maxime
1544 1410 1697 1485 effer
1716 1439 1903 1489 verus
1925 1476 1945 1504 ,
1988 1444 2125 1491 non
2141 1442 2282 1492 tur-

219 1539 388 1612 pem
421 1534 756 1582 rumorem
772 1508 1068 1609 sequutus
1089 1508 1226 1581 sum
1244 1519 1358 1589 5&
1386 1535 1498 1608 per
1515 1514 1755 1611 aliquot
1772 1515 2064 1606 jocorum
2084 1514 2288 1594 suavi-

222 1632 443 1682 tatem
478 1605 754 1704 expreffi
774 1663 791 1691 ,
833 1635 907 1680 ac
941 1632 1012 1681 ut
1033 1611 1236 1708 magis
1257 1609 1681 1709 impetrabilis
1702 1616 1887 1685 venia
1904 1612 2161 1691 offensae
2186 1619 2289 1701 sit,

229 1735 377 1784 non
394 1729 532 1779 tam
550 1704 704 1778 illud
721 1708 787 1778 in
808 1708 1313 1806 Euphormionis
1336 1710 1560 1782 ludum
1581 1713 1813 1809 arripui
1835 1771 1856 1799 ,
1895 1741 2086 1812 quam
2102 1740 2173 1789 ut
2192 1714 2289 1787 fa-

232 1809 407 1882 bula:
441 1807 792 1879 vanitatem
825 1808 1235 1909 improbabili
1258 1812 1620 1882 narratione
1639 1810 2030 1886 damnarem.
2087 1817 2294 1916 Igitur

225 1934 358 1983 nec
397 1906 501 1979 isti
539 1907 819 1978 libertati
857 1909 1123 1980 mallem
1157 1908 1318 1981 tristi
1356 1919 1427 1982 &
1463 1909 1742 2011 ignobili
1779 1908 2068 2012 superbia
2087 1914 2301 2002 irasci,'

231 2033 428 2108 quam
469 2006 680 2079 ridere
719 2033 863 2078 cum
899 2007 1175 2079 domino
1196 2011 1412 2106 gentis
1431 2009 1728 2083 humanae
1744 2057 1767 2094 ‚
1810 2015 1921 2111 qui
1941 2015 2296 2088 trimestres

233 2109 470 2181 liberos
509 2105 803 2179 felicibus
838 2104 1014 2179 nasci
1044 2108 1462 2204 impatienter
1497 2134 1631 2180 non
1678 2109 1936 2185 audivit.
2001 2121 2165 2187 Sane
2201 2115 2285 2188 de

235 2207 598 2307 Lipbippo,
623 2207 738 2281 nisi
760 2232 840 2281 ex
859 2205 1128 2306 persona
1145 2208 1416 2281 aliorum
1433 2208 1595 2281 nihil
1619 2207 1799 2292 dico,
1840 2240 2005 2311 quos
2030 2212 2072 2284 si
2090 2240 2275 2288 reve-
2366 2203 2375 2218 '

236 2309 549 2380 rentiores
586 2309 932 2402 majestatis
948 2305 1232 2382 fecissem
1251 2364 1275 2396 ,
1316 2308 1720 2413 periclitabar
1736 2310 2118 2385 adulationis
2140 2319 2291 2415 opi-

244 2431 441 2479 mone
462 2430 821 2480 contemni.
1600 2438 1613 2447 ²

267 2544 284 2554 ·
355 2513 455 2576 At
470 2506 831 2577 Thebanos
848 2508 989 2605 quis
1005 2508 1259 2604 ignorat
1278 2508 1516 2581 eximie
1530 2508 1574 2580 ὲ
1597 2532 1703 2581 me
1721 2510 1887 2586 coli,
1914 2510 2067 2580 dum
2082 2512 2297 2602 majo·-

251 2627 394 2676 rem
415 2603 695 2675 nostram
722 2609 985 2702 patriam
1009 2605 1237 2678 affidua
1254 2608 1675 2680 veneratione
1695 2609 1954 2705 appello
1975 2665 1995 2693 ,
2040 2616 2106 2681 ὃ(
2132 2611 2295 2680 ami-

256 2703 443 2774 citias
479 2704 736 2774 illorum
776 2703 1104 2776 ambitiose
1134 2708 1413 2803 quaesitas
1451 2708 1527 2779 ad
1548 2706 1817 2805 scrupuli
1838 2708 2195 2781 molestiam
2218 2717 2289 2784 δε

247 2798 679 2877 solicitudinis
715 2802 1038 2875 conserve.
1096 2809 1249 2878 Nec
1290 2810 1384 2880 illi
1427 2810 1887 2880 moderationis
1908 2808 2096 2882 obliti
2115 2836 2294 2882 acer-

250 2905 393 2979 bius
435 2929 620 2976 meos
644 2901 794 2977 risus
811 2930 1002 3003 quam
1020 2929 1131 2978 eos
1157 2904 1443 2980 miseram
1465 2933 1852 3005 exceperunt
1870 2959 1891 2989 ,
1930 2910 2115 3008 digni
2130 2936 2297 3007 quos

250 3008 415 3083 veris
438 3004 727 3077 laudibus
746 3008 1064 3087 attollam,
1084 3032 1225 3080 cum
1247 3009 1502 3080 sinceris
1525 3011 1776 3103 judiciis
1798 3033 1919 3079 nec
1940 3006 2086 3077 falsa
2103 3006 2305 3078 bene-

255 3106 404 3180 ficia
422 3095 764 3179 admittant
784 3154 806 3188 ,
826 3131 942 3179 nec
963 3108 1326 3197 injuriarum
1348 3108 1626 3207 speciem
1647 3112 1925 3180 vanitate
1944 3105 2301 3200 pra-‚judicii

251 3200 654 3279 ulciscantur.
719 3214 798 3279 In
856 3210 1121 3305 Aquilio
1161 3232 1374 3279 autem
1415 3209 1450 3278 ὲ
1488 3209 1783 3279 vivorum
1831 3201 2132 3274 societate
2162 3206 2299 3298 jam·

249 3305 503 3379 sublato
523 3363 542 3390 ,
585 3307 775 3377 etiam
814 3305 1188 3405 supervacua
1225 3304 1548 3378 excusatio
1564 3304 1713 3376 ess'ct
1738 3335 1756 3376 ε
1782 3306 1862 3394 xin
1883 3305 2054 3394 cujus
2075 3307 2299 3378 condi-

246 3408 498 3480 torium
537 3431 741 3504 neque
762 3404 924 3480 fama
941 3433 1100 3479 meae
1119 3409 1497 3478 narrationis
1515 3405 1778 3474 intrabit
1798 3435 1823 3494 3
1860 3412 1925 3474 &
1951 3402 1993 3473 si
2015 3408 2297 3479 maxime

248 3507 482 3590 fieret,
520 3507 656 3602 ejus
675 3534 889 3580 manes
913 3507 1207 3579 humanis
1225 3506 1506 3606 negotiis
1530 3529 1662 3575 non
1683 3502 2095 3576 solicitantur.

2044 3592 2307 3677 Vereor

242 3715 599 3759 ottommnorum
609 3714 828 3778 pracepit,
843 3712 974 3779 &4¹1
995 3714 1071 3757 De
1086 3707 1247 3757 vieto-
1306 3721 1445 3770 quam
1461 3704 1608 3753 multa
1622 3697 1795 3749 habent
1814 3706 2300 3765 AnnalerTurcarum,

241 3780 321 3832 riis
369 3779 544 3849 Magni
579 3780 887 3831 Tambetlani
935 3782 986 3830 in
1040 3779 1254 3839 Bajazete
1304 3774 1610 3825 Calcondilns
1628 3769 1818 3830 ,Paulus
1832 3773 1993 3839 jovius
2006 3807 2028 3838 ‚
2051 3777 2146 3893 &ci
2186 3848 2302 3890 nm
