2738 4475
409 152 565 234 ‘1⁴88
880 142 1395 238 Eum—roam:
1442 151 1944 234 Sat-utrm

408 277 573 350 mibi
612 277 1132 354 consuetudieem
1168 284 1626 382 promittebam
1645 331 1671 367 ,
1704 277 1814 353 sed
1833 280 1970 352 erat
1988 275 2223 377 aliquid
2242 278 2309 350 in
2329 272 2482 353 laefi

409 382 689 478 pectoris
711 380 921 466 sensu,
963 383 1165 454 simile
1187 384 1498 456 defiderio
1520 434 1540 464 ‚
1594 392 1660 454 δι
1688 382 1880 452 veluti
1902 382 2222 450 cuniculus
2240 380 2476 478 longa:

407 478 581 576 spei,
623 506 761 578 quae
785 482 1069 554 nondum
1094 480 1403 554 fatebatur
1424 482 1834 578 cupiditatem
1854 478 1890 550 s
1882 508 2050 552 uam.

497 578 651 678 Jam
673 578 1103 676 superaveram
1125 580 1506 654 testudinem
1526 582 2086 678 templi‚iutroque
2106 576 2464 677 pergebam

311 679 312 684 ¹
403 680 483 752 ad
509 684 719 748 Deam
745 724 763 758 ‚
789 704 933 748 cum
959 680 1399 754 simulachrum
1424 688 1716 754 Fortuna:
1740 678 1950 762 vide0‚
1970 680 2244 750 omnino
2266 680 2466 776 quale

405 774 819 872 descripserat
849 776 1079 858 senex,
1139 786 1203 850 δι
1241 782 1500 852 donaria
1536 780 1760 878 passim
1792 804 1868 850 ex
1890 806 2040 850 auro
2056 800 2466 876 argentoque

409 876 775 976 pendentia.
827 882 1045 950 omnia
1065 876 1454 952 exsonabant
1478 878 1768 980 profeffis
1790 876 2138 976 supplicum
2160 880 2350 960 votis,
2378 888 2456 950 δε

403 980 577 1076 plura
599 1026 623 1062 ,
655 998 723 1046 ut
742 976 1103 1062 videbatur,
1127 1000 1299 1050 muta
1319 982 1588 1053 devotio
1604 980 1984 1050 occultabat.
2037 984 2262 1070 Itaque
2290 976 2422 1072 pos
2426 1013 2466 1034 -

403 1100 477 1148 to
495 1102 663 1174 genu
687 1120 709 1156 ‚
745 1076 1047 1174 &ipsein
1071 1078 1239 1148 bunc
1263 1078 1526 1152 modum
1548 1082 1726 1150 oravi
1752 1108 1770 1152 t
1826 1078 2114 1150 Domina
2142 1078 2454 1146 Mortali-

407 1180 555 1246 tatis
595 1184 659 1246 δι
699 1180 1003 1246 Fatorum
1027 1226 1045 1255 ,
1087 1180 1261 1270 cujus
1283 1182 1620 1276 imperium
1642 1202 1838 1250 terras
1864 1186 1926 1250 δέ
1952 1177 2144 1248 maria
2162 1198 2452 1266 exercet,

407 1274 451 1348 fi
489 1300 623 1364 non
663 1270 901 1346 fastidis
921 1278 1556 1376 peregrinisupplicis
1582 1282 1820 1350 cultum
1846 1322 1866 1356 ,
1906 1284 1972 1348 δι
1994 1298 2056 1346 te
2082 1276 2254 1346 velut
2276 1272 2460 1344 soro-

407 1400 543 1446 rem
568 1396 799 1446 naturae
823 1376 1089 1446 varietas
1107 1376 1385 1448 dele-{iat
1403 1436 1424 1464 ‚
1464 1400 1636 1452 muta
1660 1428 1682 1462 ‚
1704 1378 1748 1448 ὃ
1772 1378 2032 1476 Regina
2056 1422 2075 1456 ‚
2100 1384 2164 1448 &
2190 1374 2462 1446 inflecte

407 1474 831 1544 constantiam
853 1478 1195 1552 malornm,
1219 1504 1357 1576 quae
1379 1506 1484 1550 rne
1505 1478 1810 1576 pertinaci
1830 1476 1988 1546 odio
2008 1474 2276 1546 laceffit.
2330 1500 2464 1572 quo

407 1574 661 1672 longius
677 1572 965 1672 sparseris
987 1574 1301 1648 beneficia
1323 1580 1387 1648 in
1409 1602 1712 1648 externos
1730 1638 1748 1662 ,
1794 1602 1876 1646 co
1900 1574 2352 1646 misericordiae
2372 1570 2474 1644 fa·-

411 1700 515 1742 ma
555 1694 729 1744 tuum
753 1698 1023 1774 regnum
1041 1676 1389 1774 religiosius
1409 1679 1738 1748 extendet.
1792 1678 1876 1746 Et
1900 1676 1940 1744 si
1964 1702 2070 1746 me
2092 1676 2468 1770 provexeris

411 1768 617 1842 facilis
639 1820 661 1854 ,
715 1796 889 1846 notae
911 1774 1177 1848 miseria:
1195 1774 1668 1846 adolescentem
1688 1826 1708 1856 ,
1764 1772 1922 1844 mihi
1942 1774 2132 1842 crede
2154 1774 2344 1842 multi
2364 1774 2470 1840 di-

411 1874 577 1944 vites
597 1900 675 1943 ex
699 1874 948 1944 Lusinia
969 1872 1103 1968 spes
1125 1872 1371 1942 easdem
1389 1928 1411 1954 ‚
1472 1874 1768 1942 Domina
1790 1918 1812 1952 ,
1852 1870 2150 1962 preciosis
2172 1868 2462 1938 donariis

411 1970 449 2044 ὲ
469 1994 533 2042 te
555 1994 793 2042 efflent.
827 1970 1179 2040 Felicitatis
1201 1992 1357 2038 meae
1379 1968 1706 2036 arbitrium
1730 1990 1844 2034 tuo
1864 1966 2108 2034 numini
2128 1966 2454 2060 relinquO,

407 2086 527 2139 nec
567 2066 883 2139 descendo
913 2066 989 2135 ad
1025 2068 1353 2135 licentiam
1391 2088 1710 2135 votorum.
1768 2064 2078 2157 Iniuriam
2118 2060 2458 2133 coelitibus

409 2165 556 2239 facit
577 2223 597 2249 ,
655 2167 761 2261 qui
781 2163 1194 2263 indulgentiae
1217 2167 1379 2235 viam
1405 2163 1770 2263 praescribit.
1822 2183 2074 2233 tantum
2098 2211 2121 2245 ‚
2176 2157 2220 2227 ὃ
2267 2165 2452 2243 Dea,

407 2265 449 2337 fi
485 2267 673 2343 licet,
719 2259 1045 2335 faventem
1087 2271 1522 2361 Protagonem
1558 2265 1910 2361 deprecor,
1946 2271 2012 2335 δι
2036 2283 2344 2357 praeterea
2364 2287 2450 2332 ne

403 2367 471 2437 in
511 2361 901 2436 miseriarum
939 2387 1137 2435 omen
1159 2365 1452 2435 omnium
1474 2361 1888 2435 foeminarurn
1912 2359 2304 2431 foeliciffima
2322 2361 2454 2431 mi·-

407 2461 474 2537 hi
497 2465 839 2535 occurrerit
857 2464 1021 2535 intra
1042 2461 1361 2559 septorum
1385 2485 1638 2535 tuorum
1662 2461 2084 2533 sanctitatem.
2141 2463 2308 2531 Haec
2332 2457 2458 2531 bu·-

409 2567 691 2637 millimo
725 2565 959 2637 mentis
996 2561 1215 2661 spiritu
1255 2561 1494 2647 effudi,
1532 2587 1804 2661 cumque
1828 2563 2100 2631 immota
2124 2561 2272 2629 Dea
2292 2557 2456 2629 nihil

409 2665 713 2757 mitigato
749 2665 925 2733 vultu
969 2661 1289 2733 constaret
1311 2719 1331 2747 ,
1375 2665 1570 2735 etiam
1588 2661 1890 2761 quasdam
1916 2659 2250 2731 verborum
2274 2658 2456 2729 blan-

401 2755 591 2825 ditias
627 2759 921 2845 adjunxi:
959 2761 1169 2831 donec
1203 2759 1415 2833 lassata
1438 2761 2122 2859 pietasimpatientiam
2144 2781 2354 2827 meam
2370 2755 2454 2827 ad

409 2857 663 2927 alterius
681 2857 811 2955 spei
833 2859 1189 2929 novitatem
1229 2865 1552 2931 convertit
1568 2909 1586 2941 ‚
1630 2871 1692 2935 ὃ(
1716 2905 1736 2939 ,
1780 2857 1954 2945 Qid
1976 2901 1998 2935 ‚
2036 2859 2294 2951 inquam
2316 2899 2340 2933 ‚
2398 2853 2448 2925 fi

409 2955 571 3029 mihi
593 2953 723 3053 ipse
745 2983 859 3055 pro
877 2961 1155 3029 Fortuna
1177 2953 1355 3027 faveo
1379 2963 1403 3029 ?
1424 2963 1575 3051 quid
1596 2963 1636 3031 fi
1664 3011 1685 3045 ,
1708 2957 1878 3057 quod
1904 2957 2006 3023 illa
2028 2953 2204 3021 tarde
2228 2957 2292 3021 δέ
2314 2949 2452 3023 for-

409 3055 581 3129 taffis
623 3053 809 3127 faciet
831 3107 853 3145 ,
891 3083 1015 3157 ego
1058 3059 1321 3127 celerius
1341 3057 1695 3158 exsequor?
1735 3081 1836 3127 me
1858 3051 2096 3123 scilicet
2120 3053 2194 3121 ad
2220 3055 2450 3123 Doro-

411 3157 551 3227 misi
589 3161 839 3229 vultum
877 3155 1141 3227 confero
1159 3215 1179 3239 ‚
1219 3183 1460 3253 oroque
1502 3185 1580 3227 ne
1618 3155 1942 3251 repudiare
1982 3151 2137 3221 velit
2160 3149 2456 3223 hominis.

407 3279 665 3351 preces,
705 3253 1041 3355 quemipse
1069 3257 1313 3353 Apollo
1337 3265 1399 3327 δε
1430 3255 1624 3329 Musae
1644 3303 1662 3335 2
1710 3251 1822 3323 nist
1844 3277 1948 3321 me
1966 3253 2156 3321 amici
2176 3251 2448 3349 decepe-

409 3375 553 3423 runt
579 3399 599 3431 ‚
641 3355 751 3427 fibi
775 3359 1001 3427 intima
1021 3353 1448 3427 familiaritate
1462 3359 1822 3447 junxerunt.
1880 3351 2082 3435 Quod
2104 3373 2170 3421 ut
2194 3377 2446 3421 mecum

413 3453 693 3547 turbatus
713 3459 899 3553 exegi
923 3515 943 3541 ,
967 3459 1141 3551 coepi
1165 3455 1494 3551 indulgere
1512 3451 1865 3525 credulitati
1890 3475 2048 3521 meae
2070 3499 2094 3535 ,
2116 3457 2176 3519 δι
2202 3448 2450 3549 fingere

413 3551 629 3621 animo
667 3549 987 3625 faventem
1025 3551 1355 3627 Doromist
1401 3551 1682 3651 speciem
1704 3551 1866 3623 mihi
1886 3553 2080 3621 etiam
2102 3545 2200 3617 sua
2220 3547 2450 3645 sponte

409 3651 815 3727 blandientis.
873 3663 937 3727 δε
977 3651 1189 3727 nescio
1225 3677 1353 3753 quo
1390 3679 1496 3725 me
1536 3651 1676 3755 spes
1720 3651 2012 3751 improba
2048 3665 2448 3747 provexerat,

2378 3765 2454 3817 ut

2650 0 2676 165 l

2657 248 2673 384 l

2670 430 2676 494 l
