2738 4475
809 324 1620 408 PARV⁸V.‘
2041 324 2189 425 565

34 472 42 507 ι
154 460 352 513 tantum
372 450 479 511 iter
494 449 572 509 est
586 450 650 509 ad
672 451 961 512 interitum
981 491 998 512 ‚
1025 450 1113 508 sed
1129 455 1183 511 St
1199 470 1454 531 praeceps.
1501 447 1858 510 Felicioribus
1883 447 2051 505 etiam
2079 448 2166 505 lu-

34 552 42 586 t
154 530 363 592 bricum.
423 534 627 608 Neque
657 533 809 589 enim
842 550 1077 608 corpora
1093 534 1270 588 modo
1286 572 1305 597 ,
1330 532 1422 589 sed
1441 531 1734 609 &ingenia
1751 568 1767 593 ‚
1783 528 1895 585 illis
1907 526 2171 586 debemus

146 626 269 687 quos
282 611 565 689 sequimur
581 628 594 662 ε
626 612 681 668 St
711 609 859 669 nulla
874 613 950 669 est
964 612 1205 669 deterior
1222 610 1453 668 servitus
1466 610 1559 668 illa
1575 628 1700 688 quae
1716 627 1815 667 nos
1831 604 2037 665 crebris
2052 623 2178 661 mu·

146 690 348 747 neribus
362 730 379 755 ,
401 688 664 766 &iniqua
678 687 1013 748 secretorum
1032 690 1355 768 vulgatione
1368 688 1593 767 obligat.
1637 687 1902 747 Alienum
1919 682 2175 762 est2quod

146 770 397 844 gerimus.
461 765 701 824 Confilia
720 770 929 835 nostra,
954 775 1009 830 &
1025 789 1108 827 res
1124 786 1222 845 per
1234 788 1335 827 nos
1352 765 1619 826 foeliciter
1673 769 1831 832 estas,
1841 763 2174 842 jubentium

144 849 379 921 potentia
396 843 492 903 fibi
526 846 770 904 vindicat
782 888 801 914 ,
835 849 1071 925 injurius
1086 849 1161 904 est
1180 888 1195 912 ,
1210 844 1459 925 quisquis
1473 863 1618 924 agno
1642 848 1718 904 cit
1733 846 1886 924 quod
1904 843 2066 902 suum
2082 840 2189 907 est,

146 929 219 989 δε,
233 941 291 985 ut
305 922 531 984 infidele
546 927 892 1003 mancipium
910 967 926 992 ‚
963 928 1209 1004 poscitur
1240 926 1307 985 ad
1324 925 1664 1001 *supplicium
1684 963 1700 985 ‚
1738 925 1948 1002 rapitur
1963 921 2031 979 ad
2049 926 2174 998 ptr-

147 1020 289 1060 nam.
330 1003 465 1080 Qo
478 1003 699 1061 tandem
722 1006 991 1084 (inquies)
1011 1021 1120 1063 tuae
1137 1005 1371 1084 querelae
1389 1007 1409 1059 ?
1433 1008 1694 1062 Anemon
1713 1002 1742 1061 a
1758 1001 2011 1061 Callione
2027 1001 2175 1075 inju-

141 1082 274 1137 riam
288 1094 571 1158 acceperat.
617 1079 960 1143 Provocatur
974 1079 1202 1142 Gallion
1216 1084 1280 1143 ad
1298 1095 1608 1154 certameno
1639 1082 1794 1139 Dum
1810 1081 2026 1139 dubitat
2041 1097 2146 1155 pro
2157 1111 2182 1124 -

138 1174 368 1223 vocatus,
387 1161 484 1227 ire,
499 1180 571 1218 an
588 1161 831 1221 recufire
852 1162 1043 1221 malit:
1085 1160 1235 1222 solus
1252 1162 1535 1220 invenitur
1552 1160 1774 1222 Pereas.
1794 1163 1911 1238 qui,
1932 1159 2180 1215 evidenti

72 1313 74 1316 Ι
136 1238 373 1316 periculo
388 1275 407 1298 .
424 1242 733 1299 Anemonis
746 1243 1094 1320 generositati
1110 1260 1211 1317 pro
1228 1241 1481 1299 Gallione
1495 1239 1848 1316 objiceretur.
1891 1239 2003 1295 Scis
2018 1275 2034 1301 ,
2052 1235 2176 1312 opi-

138 1335 266 1383 nor,
293 1334 463 1395 quam
499 1320 669 1395 aequis
695 1320 1052 1379 lineamentis
1085 1320 1372 1397 utriusque
1386 1318 1589 1377 faciem
1613 1319 1826 1376 Natura
1840 1314 2168 1376 distinxerit.

135 1395 283 1454 Parii
329 1414 397 1453 ne
432 1397 586 1459 oculi
618 1396 840 1478 fulgent
857 1438 874 1464 ,
904 1398 1059 1456 frons
1099 1414 1346 1456 armatur
1374 1399 1442 1455 ad
1471 1394 1813 1454 severitatem
1831 1436 1848 1463 ,
1876 1396 2184 1453 aduncatur

135 1473 203 1532 ad
217 1493 281 1533 au
318 1474 495 1533 aciam
511 1473 665 1533 nasus
682 1502 700 1545 ς
728 1483 785 1538 ὃς
801 1476 1026 1553 reliquae
1038 1476 1148 1533 oris
1162 1491 1356 1553 partes,
1375 1475 1515 1532 dum
1539 1476 1599 1533 in
1615 1491 1853 1553 utroque
1866 1472 2035 1533 simili
2051 1490 2181 1547 pro·

123 1553 389 1688 portione
408 1552 715 1610 noscuntur
732 1592 751 1618 ,
784 1571 903 1611 non
933 1556 1250 1611 invenirent
1278 1556 1377 1631 qui
1409 1552 1521 1611 fine
1534 1573 1717 1612 errore
1731 1554 1760 1614 a
1779 1556 2038 1612 Percante
2054 1549 2185 1607 Cal·

154 1632 281 1688 iona
291 1628 600 1707 sejungeret
615 1669 632 1695 ,
666 1631 706 1688 si
723 1629 1053 1706 capillorum
1078 1639 1133 1694 δε
1149 1632 1328 1691 barbae
1342 1631 1498 1692 color
1516 1652 1658 1691 unus
1676 1632 1975 1691 amborum
1991 1628 2184 1688 vultus

131 1707 524 1765 confunderet.
586 1710 710 1765 Hoc
726 1710 997 1770 nimirum
1016 1710 1245 1769 restabat
1257 1725 1322 1769 ut
1339 1710 1561 1768 Callion
1578 1711 1743 1768 effem
1763 1736 1781 1781 ς
1819 1715 1873 1770 δι
1902 1710 2015 1768 sola
2036 1706 2184 1785 pilo-

127 1804 262 1844 rum
279 1785 553 1844 caducitas
567 1827 584 1852 ,
618 1785 1057 1865 canescentisque
1071 1790 1311 1848 calvitiei
1331 1789 1552 1868 squalor
1568 1789 1823 1847 horridus
1843 1830 1859 1855 ,
1876 1787 2190 1867 ignobilem·

122 1865 157 1924 ai
180 1863 347 1922 nobili
364 1863 655 1940 separabat.
698 1868 895 1943 Itaque
909 1886 1056 1926 novo
1075 1868 1471 1945 capillamento
1489 1908 1506 1934 ,
1537 1870 1693 1945 quod
1711 1867 1896 1924 colore
1911 1865 2179 1924 Callionis

123 1945 309 2002 crines
322 1940 553 2000 referret
568 1983 586 2009 ‚
616 1959 882 2004 oneratur
899 1947 1163 2017 innocens
1178 1962 1374 2025 capnt:
1419 1946 1671 2008 &barbae
1703 1944 1898 2004 fistitia
1923 1943 2187 2021 supponi·-

110 2037 216 2081 tur
232 2021 393 2079 barba
411 2060 428 2086 ,
456 2021 780 2081 deducorin
796 2042 1017 2083 arenam
1040 2066 1057 2091 ,
1086 2044 1406 2105 componor
1436 2045 1568 2084 cum
1603 2028 1928 2084 nemone,
1965 2025 2024 2081 in
2044 2023 2186 2080 statu

108 2106 219 2167 sto,
240 2117 417 2177 petor,
443 2101 671 2166 excedo,
689 2101 1024 2180 persequor3
1066 2123 1183 2162 non
1200 2105 1410 2169 animo,
1428 2123 1545 2163 non
1563 2118 1680 2161 arte
1695 2102 1982 2160 vincebam
2000 2125 2019 2169 3
2057 2097 2179 2158 casu

106 2182 250 2241 viei-
306 2181 566 2240 Anemon
602 2182 813 2261 quippe
830 2200 1023 2240 verum
1042 2200 1136 2240 me
1153 2181 1409 2241 Calliona
1426 2182 1744 2242 existimans
1760 2221 1776 2244 ,
1810 2180 1947 2237 dum
1966 2197 2176 2258 magno

110 2262 334 2337 impetu
354 2261 499 2319 iCtus
521 2262 728 2338 ingerit
748 2299 765 2323 ‚
782 2262 974 2320 attrito
992 2262 1050 2318 in
1064 2260 1306 2338 lapidem
1320 2262 1461 2338 pede
1481 2301 1496 2325 ,
1511 2258 1848 2337 excussisque
1863 2258 1893 2316 ὲ
1913 2260 2170 2316 manibus
2219 2279 2239 2289 ·

110 2340 289 2398 armis
311 2378 328 2404 ,
344 2339 405 2395 in
420 2352 625 2397 terram
643 2341 771 2398 ruit.
828 2341 964 2398 Non
988 2337 1282 2396 insolenter
1296 2340 1422 2397 usus
1437 2338 1556 2396 sum
1576 2338 1807 2396 vistoria
1826 2362 1843 2405 3
1875 2352 2172 2395 contentus

108 2418 408 2478 hostilibus
420 2418 606 2494 spoliis
621 2458 638 2482 ,
674 2416 786 2475 fine
817 2419 961 2475 caede
983 2418 1218 2475 domum
1238 2435 1502 2476 revertor.
1559 2419 1783 2474 Timuit
1813 2416 2032 2472 Callion
2050 2453 2067 2479 ‚
2107 2434 2179 2472 ne

108 2497 340 2576 vulgata
352 2515 546 2574 pugna
562 2514 776 2554 nomen
795 2492 955 2553 suum
971 2497 1038 2553 ad
1056 2495 1346 2554 infamiam
1366 2497 1632 2575 vulgaret.
1686 2496 1819 2552 Sum
1828 2511 2060 2550 moveor
2073 2492 2176 2548 do-

103 2595 247 2641 me,
293 2578 351 2632 δι
380 2575 555 2651 prisca
587 2573 962 2629 familiaritate
996 2579 1048 2629 in
1079 2575 1279 2632 odium
1320 2575 1469 2632 versa
1483 2615 1500 2639 ,
1533 2574 1640 2632 hoc
1667 2571 1808 2630 mihi
1827 2589 1958 2628 cum
1976 2570 2171 2627 multis

103 2670 431 2712 commune
449 2653 748 2725 przemium
772 2653 876 2707 fuit
898 2693 910 2713 ,
928 2669 986 2707 ut
1006 2652 1125 2709 satis
1142 2652 1272 2710 esset
1289 2652 1529 2730 fugitivo
1545 2655 1583 2712 si
1600 2652 1825 2711 viveret.
1866 2651 2053 2727 Qm
2077 2667 2169 2706 re-

100 2745 289 2811 pente
308 2747 499 2785 rerum
525 2729 685 2784 facies
713 2731 788 2784 im
800 2732 1079 2786 murator?
1120 2749 1246 2788 ecce
1279 2733 1454 2789 vietor
1486 2731 1714 2809 supplex
1750 2729 1779 2787 a
1810 2730 1960 2786 vieto
1992 2729 2167 2786 vitam

97 2810 274 2888 petit.
332 2805 426 2864 Ad
443 2812 483 2864 A
497 2827 794 2864 acaronem
816 2808 1083 2884 confugio
1099 2848 1115 2873 ‚
1137 2813 1194 2869 δε
1210 2807 1292 2866 illi
1307 2825 1371 2867 ut
1383 2811 1689 2869 acciderant
1707 2806 1916 2887 singula
1936 2806 2173 2865 fideliter

96 2905 403 2965 exponens
421 2890 649 2944 veniam
670 2892 869 2948 merui,
886 2894 959 2948 δι.
977 2885 1131 2963 quod
1146 2888 1304 2945 venia
1322 2889 1535 2947 dulcius
1551 2890 1626 2946 est
1646 2928 1660 2951 ,
1677 2889 2001 2944 amicitiam.
2041 2887 2168 2962 Jam

91 2987 225 3028 non
242 2966 437 3025 scrvus
449 3003 468 3026 .
493 2961 586 3022 sed
605 2983 792 3023 eomes
806 3006 823 3033 ‚
855 2969 909 3025 δι
921 2962 1204 3049 aliquanto
1217 2969 1384 3024 ctiam
1410 2971 1702 3025 Anemone
1720 2969 1896 3044 major
1913 3004 1929 3030 ,
1963 2966 2002 3023 fi
2017 2966 2082 3020 ad
2101 2965 2171 3021 il-

92 3048 212 3105 lius
247 3046 670 3104 humanitatem
704 3058 830 3102 mea
844 3045 901 3102 in
922 3046 1037 3120 ejus
1054 3044 1229 3102 domo
1244 3047 1611 3124 perpendatur
1628 3046 1939 3102 adim-itas.
2014 3045 2169 3098 Tum

84 3126 355 3204 denique
384 3121 795 3199 inquirentibus
810 3142 1063 3199 quaenam
1085 3121 1198 3180 sors
1215 3143 1306 3181 me
1323 3144 1456 3183 eum
1478 3124 1742 3181 Gallionis
1761 3123 1912 3179 hoste
1927 3127 2091 3196 conju
2100 3139 2168 3176 n.-

87 3205 272 3266 xiffet
293 3241 311 3265 ‚
338 3202 553 3278 placuit
573 3207 898 3259 mutationis
924 3222 1059 3261 mea.-
1074 3200 1255 3260 causas
1271 3204 1334 3260 ad
1354 3204 1495 3261 hanc
1513 3203 1795 3260 historiam
1830 3198 2032 3257 referre
2049 3236 2065 3255 .
2098 3216 2182 3256 ne·

94 3283 246 3361 quis
264 3294 365 3338 aut
381 3292 444 3335 ut
461 3281 615 3336 mala:
637 3281 778 3358 frugi
800 3281 1011 3338 stwum
1026 3282 1388 3340 contumeliis
1402 3281 1700 3344 lacefferct,
1733 3294 1824 3335 aut
1855 3276 2170 3334 Gallionem

94 3375 177 3419 ut
196 3360 521 3418 Anemonis
539 3360 804 3414 victorem
826 3359 1079 3418 laudaret.
1140 3361 1275 3417 Non
1292 3359 1505 3417 distulit
1523 3375 1711 3417 tumor
1729 3356 2042 3414 timiditatis
2057 3354 2168 3412 suae

86 3440 314 3499 testem
350 3435 422 3494 ad
452 3438 719 3493 Gallionis
752 3458 907 3495 aures
937 3437 1248 3496 inconsulta
1264 3438 1553 3516 diligentia
1566 3435 1825 3514 perferre.
1888 3436 2041 3492 Tum
2075 3432 2169 3491 de·

86 3535 284 3579 mum
309 3514 796 3572 vehementissime
813 3514 1006 3573 exarfit
1024 3556 1040 3580 ,
1081 3520 1137 3574 &
1166 3518 1231 3575 ad
1266 3516 1574 3594 fugitivum
1596 3513 2027 3592 persequendum
2047 3532 2174 3570 cru·
2229 3562 2232 3565 .

83 3593 461 3657 deliffimam
482 3592 747 3651 lictorum
766 3611 997 3650 manum
1016 3593 1162 3652 mifit
1176 3634 1193 3660 ,
1222 3613 1345 3673 quae
1361 3596 1644 3672 captivum
1665 3592 1797 3672 quia
1810 3607 2093 3668 comperta
2109 3597 2167 3651 ὅτ.

84 3692 245 3736 vera
262 3669 528 3731 narrasset
545 3689 641 3746 per
659 3683 941 3730 tormenta
955 3672 1249 3731 laceratum
1266 3675 1416 3732 eruci
1434 3672 1783 3764 infringeret.
1814 3676 1865 3730 &
1884 3672 2173 3750 publicum

66 3750 502 3832 speRaculum
523 3750 591 3808 ad
609 3748 948 3808 crudelitatis
963 3752 1131 3809 etiam
1151 3751 1452 3810 satietatem
1472 3766 1607 3810 rota:
1624 3751 1942 3826 impolitum
1959 3750 2181 3827 populo.

64 3832 425 3892 exhiberet.
480 3830 617 3888 Non
638 3828 850 3886 hostem
870 3829 1278 3907 indignantem,
1303 3830 1395 3888 sed
1405 3830 1712 3908 potentiam
1731 3829 2064 3907 indignantis
2079 3847 2177 3914 ve·

70 3909 340 3970 rebatur
358 3911 625 3970 Anemon
649 3948 666 3974 ,
680 3909 778 3986 qui
802 3904 1014 3972 sacrum
1024 3911 1116 3987 jus
1140 3906 1366 4049 Ιιιιίῐΐρίτίἱ
1390 3911 1457 3967 ad
1474 3908 1740 3969 ultimum
1760 3907 2015 4039 servasse&
2025 3901 2192 4035 ‚unffi

1254 4006 1291 4045 n
1338 4004 1367 4064 3
1755 3996 1763 4003 ·
2019 4002 2049 4039 a
2095 3998 2187 4039 xo·
