2738 4475
2660 68 2691 192 l

506 230 648 332 498
1011 229 1518 306 Eum-toust²
1573 233 2093 306 Sal-tritici
2672 217 2697 350 ἢ

495 351 835 424 habituros
860 347 945 439 ’,ίῐ
963 349 1001 422 ὲ
1021 367 1203 421 tanto
1227 350 1421 447 Rege
1438 396 1463 433 ,
1482 353 1550 420 δι
1571 369 1712 422 tam
1726 349 1914 421 alacri
1935 350 2213 423 exercitu
2224 347 2551 426 timeoefi.
2700 333 2701 346 ,

371 445 378 449 ’
506 473 631 525 tur.
668 446 820 550 Ipso
835 452 1044 551 Regis
1061 448 1328 520 nomine
1341 450 1475 540 jam
1496 470 1801 548 paventes
1816 445 2083 524 turbine
2106 453 2551 568 Galliciequi-

508 574 682 634 tatus*
697 551 1050 650 proculcari
1069 547 1223 620 satis
1240 545 1442 647 poffe.
1495 547 1842 643 Adjecitin
1860 548 2041 623 hunc
2061 556 2305 625 Ducem
2323 609 2349 639 ‚
2374 551 2542 625 nihil
2700 627 2701 638 ,

506 653 767 732 mirum,
788 648 833 722 fi
852 653 922 722 &-
941 646 1159 736 senex,
1185 655 1251 722 &
1275 646 1571 745 pavidus,
1595 649 2272 746 cunfiarijuberetssui
2289 654 2541 724 animus
2700 679 2701 758 χ

505 751 708 823 solitis
726 748 1072 823 terroribus
1086 769 1453 848 quateretur
1471 805 1495 831 ,
1546 748 1679 840 jam
1715 749 1910 821 etiam
1940 748 2062 823 fibi
2098 779 2219 851 per
2248 753 2348 824 illa
2367 776 2542 852 quoe-
2700 835 2701 840 Ἰ

503 850 788 925 rentibus
837 849 1030 925 viam.
1100 852 1269 924 Non
1289 849 1439 922 tulit
1455 848 1563 920 ille
1587 847 2030 921 virimmodici
2041 851 2185 942 joci
2210 852 2542 951 procacita·
2700 867 2701 922 ι

506 973 641 1023 tem
664 979 686 1021 z
745 958 816 1023 &
841 1006 863 1036 ,
903 952 1058 1049 Ego
1073 971 1228 1022 veto
1247 996 1272 1033 ,
1291 948 1504 1047 inquit
1519 1003 1540 1032 ‚
1565 947 2074 1046 quandoquidem
2094 951 2255 1022 Rex
2275 974 2550 1053 pugnate

504 1050 798 1123 decrevit
813 1098 837 1130 ,
876 1074 1013 1120 cras
1034 1074 1167 1122 non
1188 1043 1454 1120 obscura
1471 1070 1681 1119 morte
1694 1048 1766 1118 in
1784 1049 1943 1119 illius
1961 1049 2170 1131 oculis
2189 1050 2552 1152 defizngart

502 1171 578 1223 tu
595 1174 751 1224 vero
764 1151 1144 1222 temeritatis
1169 1156 1240 1221 &
1261 1147 1533 1220 audaciae
1550 1147 1792 1218 oblitus
1805 1204 1825 1232 ,
1848 1146 1966 1219 boc
1985 1167 2340 1234 certamen,
2369 1150 2559 1248 quod

505 1248 719 1325 verbis
732 1250 869 1342 jam
884 1247 1181 1323 accendis
1199 1296 1221 1329 ‚
1257 1248 1428 1346 turpi
1441 1242 1580 1345 fi1ga
1601 1245 1926 1318 destitues.
1995 1249 2150 1320 Hoc
2166 1245 2362 1320 triste
2378 1251 2561 1322 vati·

502 1351 749 1423 ciuium
767 1369 1031 1448 uterque
1047 1347 1371 1447 implevit.
1437 1347 1701 1445 Qippe
1732 1347 2027 1433 iuvenem
2055 1355 2266 1417 terror
2301 1346 2392 1418 ab
2409 1350 2555 1421 acie

505 1447 802 1544 abstulit3
829 1458 895 1523 δι
922 1450 1083 1520 alter
1104 1471 1302 1547 quem
1322 1443 1698 1542 1··romisetat
1715 1441 2077 1546 sangiunem
2093 1446 2165 1515 in
2181 1444 2551 1546 conspefieu

506 1552 720 1650 Regis
736 1548 1054 1648 praeclaris
1072 1546 1444 1624 vulneribus
1462 1543 1731 1619 effudit.
2522 1599 2527 1606 .

610 1655 778 1725 Hoec
796 1651 995 1750 igitur
1015 1668 1197 1721 cauta
1215 1697 1240 1734 ,
1264 1672 1337 1719 ac
1359 1645 1662 1719 modesta
1680 1643 1987 1719 timiditas
2002 1692 2029 1730 ,
2042 1667 2179 1716 non
2191 1643 2400 1718 modo
2412 1670 2569 1745 pru·

515 1749 751 1824 dentiae
772 1751 954 1849 jungi
975 1748 1186 1850 potest
1203 1796 1229 1833 ,
1269 1746 1377 1819 sed
1397 1751 1466 1818 δε
1490 1746 1665 1819 illius
1685 1745 2010 1819 interdum
2028 1770 2266 1844 magna
2280 1770 2424 1845 pars
2444 1744 2570 1832 est,

520 1852 813 1925 utilitatis
834 1875 1092 1950 quoque
1111 1845 1468 1946 pleniffima
1486 1893 1510 1926 ‚
1549 1870 1705 1920 cum
1738 1847 1811 1919 in
1841 1872 1954 1921 eos
1983 1846 2212 1919 incidit
2230 1892 2254 1923 ‚
2342 1870 2564 1918 uorum

515 1951 789 2025 nimiam
808 2007 826 2032 .
863 1953 1071 2024 necin
1093 1946 1359 2021 modum
1383 1948 1740 2021 coc'rcitarn
1763 1994 1787 2029 ,
1826 1944 2156 2020 audaciam
2175 1948 2280 2019 Re
2310 1945 2572 2044 publica

515 2051 691 2123 luere
712 2049 934 2148 poss'et.
992 2050 1132 2136 Qui
1167 2073 1319 2120 veto
1348 2041 1531 2121 suum
1560 2047 1897 2147 ingenium
1929 2045 2009 2119 ad
2028 2044 2444 2118 formidinem
2462 2041 2568 2117 sa·

515 2150 692 2221 &um
714 2151 833 2221 hac
851 2148 1011 2243 justa
1034 2157 1101 2222 &
1121 2147 1347 2220 salubri
1367 2168 1499 2220 arte
1516 2170 1738 2248 regere
1759 2144 2021 2246 poss‘unt
2041 2195 2069 2233 ‚
2107 2147 2157 2218 ii
2189 2148 2568 2246 plerumque

513 2246 854 2321 mitiffima
870 2249 1268 2337 humanitate
1286 2248 1663 2322 adornantur
1680 2276 1702 2336 3
1751 2246 1990 2320 blanda
2006 2246 2415 2345 simplicique
2426 2249 2569 2345 pie·

513 2367 649 2421 tate
669 2338 1375 2432 verecundimeniinem
1403 2346 1632 2421 lardere
1642 2349 1937 2448 gratuitis
1960 2348 2209 2441 injuriis
2225 2346 2554 2419 sustinent:

516 2449 715 2524 etiam
733 2449 802 2522 in
821 2448 1139 2525 viliffimis
1159 2447 1532 2522 bominibus
1552 2495 1577 2532 ‚
1616 2469 1721 2520 aut
1748 2450 1979 2523 ultima
1992 2446 2269 2550 egestate
2282 2447 2555 2519 damna-

519 2552 604 2623 tis
623 2598 646 2634 ,
684 2547 887 2653 ipsam
904 2553 1264 2649 animorum
1286 2558 1355 2626 Bc
1380 2549 1793 2624 mortalitatis
1810 2550 2329 2624 communionem
2343 2567 2550 2619 vene-

518 2675 756 2726 rantur.
827 2654 953 2727 Sed
976 2659 1046 2727 &
1065 2652 1270 2754 magis
1286 2649 1404 2723 fibi
1420 2649 1778 2751 quamliis
1795 2648 1926 2722 hoc
1941 2646 2132 2721 insito
2148 2670 2387 2746 pavore
2407 2669 2568 2716 mo-

517 2749 663 2822 lesti
697 2749 860 2822 sunt.
933 2756 1116 2826 Nam
1154 2762 1222 2825 δι
1260 2753 1477 2823 tacitis
1509 2747 1723 2824 secum
1760 2747 1879 2849 ipfi
1909 2747 2191 2821 consiliis
2222 2747 2520 2820 laborant
2536 2789 2574 2827 ,

516 2868 757 2945 oegrum
775 2849 1062 2921 animum
1083 2895 1107 2933 ‚
1152 2856 1219 2922 ἃ
1248 2877 1394 2922 non
1412 2849 1641 2949 sponte
1656 2848 1997 2923 terroribus
2006 2868 2261 2945 raptum
2278 2893 2305 2928 ,
2338 2844 2575 2918 virili·

513 2943 636 3017 bus
657 2947 997 3045 praeceptis
1018 2972 1418 3047 componere
1439 2978 1461 3023 .·
1517 2953 1724 3046 palam
1745 2971 1942 3021 autem
1958 2992 1979 3027 ‚
2004 2969 2212 3043 neque
2227 2944 2574 3014 decorum

521 3048 899 3121 arbitrantur
919 3044 1040 3119 hos
1058 3051 1323 3121 timores
1339 3045 1532 3120 fateri
1548 3104 1569 3134 ,
1606 3073 1807 3148 neque
1837 3071 1914 3117 cx
1928 3045 2227 3144 inquieta:
2245 3037 2524 3114 formidi
2540 3082 2584 3096 -

521 3143 623 3222 nis
647 3148 1372 3251 impulsibus-quicquam
1398 3169 1616 3222 amant
1632 3196 1658 3232 ,
1702 3149 1823 3226 sive
1839 3144 2010 3220 suum
2029 3201 2050 3231 ,
2071 3143 2199 3219 sive
2219 3140 2302 3214 ab
2318 3142 2580 3215 amicis

523 3247 928 3324 commissum
942 3302 966 3339 ‚
988 3250 1367 3322 ministrare.

627 3350 825 3421 Aliud
848 3349 928 3420 ab
948 3350 1200 3421 audacia
1220 3398 1242 3431 ‚
1279 3372 1385 3421 aut
1402 3348 1751 3422 timiditate
1768 3348 1865 3423 est
1884 3399 1911 3436 ,
1939 3343 2046 3420 sed
2080 3344 2280 3417 veluti
2312 3342 2382 3415 in
2414 3341 2584 3415 illo-

523 3444 962 3523 rum'fatorum
985 3447 1276 3521 confinio
1295 3506 1313 3535 ,
1354 3447 1683 3546 superbum
1709 3451 1999 3521 animum
2016 3494 2040 3527 ‚
2078 3443 2438 3519 sordibusve
2452 3441 2593 3514 de-

509 3546 783 3636 -jestum,
806 3546 1108 3619 nancisci.
1157 3548 1465 3647 Superbia
1494 3546 1749 3646 peffimi
1768 3547 2018 3645 ingenii
2038 3543 2275 3632 fomes,
2303 3539 2586 3617 &uestis

397 3666 402 3667 *
516 3668 590 3715 ac
609 3647 1072 3746 multiplicibus
1095 3649 1267 3720 vitiis
1283 3652 1348 3719 in
1364 3646 1604 3719 diversa
1638 3649 2046 3746 prorumpit,
2070 3645 2283 3731 odii,
2305 3637 2601 3715 amoris-

367 3840 368 3843 *
507 3768 686 3853 que?
727 3752 796 3829 δε
832 3744 1014 3847 super
1048 3748 1267 3827 omnia
1285 3746 1540 3823 invidiae
1560 3742 1887 3847 suppliciis
1906 3745 2211 3818 obnoxia.
2285 3747 2449 3819 Nec
2464 3743 2607 3813 arii

2351 3849 2608 3945 magis
