2738 4475
154 375 157 378 Ι
863 289 918 356 Ρ
1021 307 1071 356 Α
1174 308 1229 357 ιι
1326 309 1355 353 s
1462 288 1495 356 1
1517 288 1609 368 V.
2131 308 2212 388 4¹
2231 319 2274 392 ς

220 400 352 478 stas
371 403 541 476 inter
559 403 852 475 convivia
878 405 1134 477 nebulas
1155 403 1433 475 mirabili
1456 400 1767 473 felicitate
1784 400 2093 471 exolvunt
2116 433 2135 490 3
2171 408 2280 474 ad:-

221 518 316 574 eo
338 526 404 575 ut
423 506 491 575 in
515 505 781 574 multam
803 507 1066 576 n06tem
1088 502 1397 601 produ&a
1413 502 1786 572 temulentia
1808 499 2074 599 postero
2094 525 2277 575 manc

215 602 307 675 ad
333 605 595 702 negotia
612 605 919 674 vacaturis
939 604 1265 702 pigritiam
1285 627 1419 671 non
1438 602 1524 670 im
1535 621 1752 697 ponar.

337 709 356 740 ¹
382 705 568 774 Nulli
607 701 682 772 ad
718 705 942 775 vilium
982 705 1210 774 artium
1247 698 1617 771 industriam
1641 699 1967 770 meliores.
2028 699 2276 774 Ocium

214 798 563 898 plusquam
592 804 808 872 Attica
831 800 1162 873 severitate
1180 802 1630 872 multaverunt.
1667 800 1854 870 Pueri
1873 800 1941 869 in
1960 801 2277 896 tyrocinia

222 897 593 985 distributi,
619 900 876 998 publico
895 900 937 972 fi
959 899 1205 972 necesse
1228 897 1320 970 est
1340 895 1594 993 sumptu
1618 924 1635 968 ε
1689 899 1970 1065 νὶτῗίηεε
1996 898 2071 969 ad
2093 897 2274 990 filum

221 998 573 1097 lanamque
590 1001 851 1071 eruditae
876 1025 894 1068 z
931 1025 1192 1071 omnem
1215 1019 1471 1069 aetatem
1493 993 1760 1067 idoneus
1810 997 1966 1066 udor
1984 1020 2264 1081 exercet,

222 1104 303 1169 δε
329 1097 364 1167 a
383 1124 576 1196 puero
593 1094 913 1170 familiaris
937 1098 1116 1170 labor
1129 1100 1424 1194 ignotam
1442 1091 1809 1192 segnitiem,
1830 1096 1930 1165 vel
1948 1094 2077 1194 ipsa
2110 1123 2277 1170 con-

217 1193 556 1269 suetudine
572 1255 592 1283 ‚
615 1194 817 1270 nescit
836 1224 1065 1271 amare.
1144 1202 1321 1270 Tam
1345 1191 1571 1290 frugali
1589 1193 1946 1293 disciplina,
1963 1195 2274 1269 artificio-

216 1309 370 1367 ‘rum
392 1297 486 1367 vis
501 1297 731 1396 ingens
751 1301 1147 1396 opulentiam
1166 1293 1436 1365 illustrat
1457 1293 1785 1365 civitatum
1807 1338 1828 1373 ,
1873 1297 2182 1395 paucique
2201 1298 2274 1369 in

222 1396 670 1467 mendicitatis
690 1418 955 1469 veterno
975 1390 1408 1494 acquiescunt.
1463 1394 1802 1491 Ingenium
1822 1396 2045 1491 populi
2064 1415 2274 1497 neque

222 1507 435 1589 ‘capax
456 1517 666 1590 neque
686 1498 934 1591 patiens
956 1491 1267 1566 fraudum.
1316 1495 1417 1563 Ea
1436 1488 1562 1563 fide
1583 1516 1704 1591 qua
1721 1490 1866 1563 sunt
1885 1493 2068 1592 digni
2087 1491 2275 1568 facile

230 1593 399 1660 alios
443 1590 795 1670 aestimant,
849 1586 955 1662 sed
988 1591 1261 1688 decepta
1296 1590 1661 1688 simplicitas
1697 1589 2084 1664 intrabiabili
2118 1593 2275 1666 odio

230 1684 577 1782 perfidiam
617 1687 982 1760 laedentium
1021 1686 1208 1789 fugit.
1258 1691 1279 1720 ²
1306 1694 1487 1761 Inter
1524 1688 1644 1758 hos
1688 1689 1938 1761 eximia:
1975 1693 2272 1790 quaedam

237 1802 497 1856 mentes
516 1789 696 1861 omni
721 1784 932 1862 seculo
952 1786 1368 1861 stistinuerunt
1385 1787 1771 1889 dignitatem
1790 1790 2109 1865 literarum
2127 1843 2152 1881 ,
2173 1813 2282 1864 aut

2198 1892 2279 1964 ad

308 1998 335 2033 r
373 1983 505 2034 unni
518 1985 578 2034 d
600 1987 760 2038 vilium
784 1990 950 2038 artium
974 1985 1226 2055 ind-strio»
1292 1987 1399 2038 vidi
1418 1985 1515 2055 ipse
1530 1990 1745 2054 puerulos
1761 1988 1875 2039 dum
1887 1986 1917 2040 ὶ
1929 1988 2195 2058 parentibus
2211 2006 2282 2043 ta·

225 2054 467 2114 muana]
510 2060 571 2104 Er
614 2055 667 2104 in
693 2055 789 2106 boc
816 2058 987 2121 pariter
1013 2059 1162 2123 Belgae
1193 2055 1221 2107 ὃ
1288 2070 1417 2124 petes
1434 2056 1743 2118 texebantur,
1771 2054 1898 2126 ipsos
1915 2061 2049 2110 lanas
2063 2057 2277 2121 sollicite,

232 2122 484 2171 Germanis
503 2123 700 2172 minime
715 2122 940 2174 differunt
954 2158 970 2183 ,
999 2124 1128 2190 quod
1146 2138 1222 2173 ar-
1290 2125 1340 2174 δε
1356 2125 1484 2176 velut
1499 2141 1554 2177 ex
1566 2127 1805 2177 conducto
1819 2129 2116 2193 explicantes.
2149 2133 2274 2183 Tum

227 2200 306 2239 rea
336 2203 500 2241 omnes
527 2193 670 2244 etiam
697 2189 949 2243 illiberales
978 2191 1218 2243 habentia
1289 2191 1618 2259 stupentimihi
1633 2208 1763 2263 pater
1779 2195 1992 2257 illorum,
2003 2195 2080 2254 tic,
2098 2199 2272 2266 inquit,

227 2258 421 2324 preti03
458 2261 505 2309 in
523 2260 590 2311 his
606 2275 765 2312 autem
781 2260 1055 2313 industriam
1069 2261 1218 2329 pluri-
1288 2265 1416 2325 juvat
1445 2278 1612 2314 omnes
1633 2279 1716 2331 pro
1731 2266 1882 2314 :etatis
1896 2279 2035 2331 captu
2050 2300 2066 2323 ‚
2093 2269 2271 2321 vistum

230 2341 371 2376 mutu
401 2329 735 2381 commendant
761 2327 888 2381 suam
900 2364 921 2391 ,
956 2330 1223 2399 Horologia
1286 2328 1544 2382 laborando
1557 2333 2024 2402 quaerere‚ociumque
2038 2334 2274 2404 defugere.

229 2394 363 2444 mire
376 2394 558 2461 prorsus
575 2399 881 2453 artis‚areulae
898 2433 914 2458 ‚
933 2401 981 2450 ἀ
996 2396 1128 2449 abaci
1144 2395 1216 2447 af·
1356 2418 1385 2454 2
1436 2406 1557 2451 Inter
1581 2401 1655 2452 bos
1680 2405 1853 2452 eximia
1934 2403 2077 2452 adam
2112 2418 2275 2454 mentes

222 2462 495 2523 fabrefacti,
521 2467 725 2515 contexti
740 2469 975 2535 eleganter
990 2466 1129 2533 panni
1134 2468 1213 2528 ,δι
1286 2470 1539 2531 miscente
1555 2468 1842 2534 sustinuerunt
1902 2475 2124 2538 ignitatcm
2150 2474 2273 2519 liete-

228 2532 338 2579 relz
353 2546 367 2577 ε
405 2534 778 2600 peripetasmata,
793 2532 1054 2602 tapetcsque
1068 2534 1214 2602 Pluy-
1285 2538 1477 2600 ranam]
1492 2540 1650 2603 Neque
1665 2540 1857 2593 mirum,
1871 2553 1981 2587 cum
1995 2537 2274 2589 Academias

232 2599 314 2665 gia
329 2598 453 2665 quasi
466 2614 547 2651 acu
574 2602 725 2665 pista,
769 2618 865 2671 quat
903 2619 1002 2653 non
1028 2617 1217 2654 tantum
1284 2602 1486 2654 habeant
1501 2604 1620 2655 adeo
1643 2602 1847 2654 celebres
1863 2637 1880 2657 .
1906 2600 2275 2663 Lovaniensem,

234 2666 444 2733 propriis
460 2669 659 2735 regionis
673 2667 824 2722 ufibus
840 2668 1090 2722 inserviant
1106 2686 1122 2728 ς
1139 2668 1217 2721 sed
1295 2669 1587 2722 Duacensern
1605 2704 1622 2730 ‚
1641 2669 1997 2740 Lugdunensem
2013 2703 2029 2728 ,
2052 2671 2278 2722 Franeke-

241 2734 390 2782 etiarn
406 2736 595 2786 ulterius
611 2737 662 2786 in
682 2740 885 2790 Galliam
902 2772 918 2798 ‚
934 2737 1222 2806 Hispaniam,
1289 2756 1475 2799 ranam,
1491 2742 1540 2791 δε
1559 2737 1981 2809 Groeningensem.
2009 2741 2276 2794 Lovanien-

244 2805 581 2861 Germaniam,
619 2804 935 2875 reliquamque
966 2814 1223 2875 Europam,
1290 2807 1347 2860 fis
1376 2809 1638 2878 frequentia
1661 2810 1783 2862 colle
1815 2810 1999 2871 iorum,
2028 2807 2278 2860 Studioso-

239 2885 384 2937 atque
399 2871 516 2923 a'deo
529 2874 576 2923 in
586 2870 742 2925 Aliam
760 2878 808 2927 δι
828 2874 1038 2927 Africam
1054 2876 1221 2944 depor-
1288 2894 1417 2938 rum,
1431 2879 1682 2932 doliorum
1695 2881 1764 2930 cel
1853 2879 2010 2930 trima.
2057 2879 2274 2947 collegia

233 2953 419 2990 rentur.
471 2947 528 2993 In
556 2943 747 3011 pisturis
778 2946 907 2995 nulla
931 2946 1067 3013 aeque'
1092 2946 1223 2996 natio
1295 2944 1531 3013 potissima
1545 2945 1647 2999 sunt
1663 2944 2142 3005 Liliutn‚Castrense,
2160 2952 2276 2999 Pot-

231 3008 447 3059 exeellit:
480 3011 590 3060 oleo
616 3013 800 3063 colores
831 3011 1022 3064 miscere
1047 3016 1224 3082 primus
1296 3017 1338 3065 ci
1356 3050 1373 3075 ,
1390 3020 1438 3067 δι
1458 3017 1686 3068 Falconis.
1735 3016 1812 3068 Est
1830 3018 1879 3066 &
1896 3017 2116 3093 trilingue
2136 3016 2277 3065 Bussi-

236 3077 396 3127 docuit
410 3080 487 3146 Jo.
507 3080 692 3131 Eickius
706 3084 865 3152 Belga.
898 3089 1125 3154 Magnam
1138 3084 1224 3135 de·-
1295 3085 1489 3136 diarium
1505 3123 1521 3145 ,
1552 3087 1602 3136 in
1620 3100 1715 3152 quo
1734 3090 1891 3135 Graeca
1905 3118 1922 3142 ,
1957 3090 2126 3133 Latina
2143 3114 2162 3140 ,
2175 3086 2278 3132 He-

228 3147 383 3213 nique
411 3150 459 3197 δε
488 3146 724 3216 copiosam
755 3168 963 3204 exercent
993 3167 1227 3206 mercatu-
1293 3154 1446 3204 braiea
1466 3154 1706 3204 docentur.
1746 3159 1810 3203 Ex
1827 3151 1898 3201 his
1918 3151 2180 3200 Academiis
2200 3151 2275 3199 in·

240 3228 344 3263 ¹²¹1!
364 3248 379 3271 9
411 3219 537 3276 cuitu
554 3252 570 3276 ‚
599 3236 879 3288 quacunque
894 3224 1036 3273 etiam
1052 3225 1134 3273 illa
1148 3219 1225 3282 sir,
1291 3225 1472 3275 numeri
1489 3223 1574 3273 viri
1592 3219 1806 3287 prodiere
1817 3217 1954 3268 omni
1969 3214 2166 3268 scicntia
2179 3218 2277 3269 lau·

240 3281 503 3348 peritiffimi
518 3282 638 3337 sunt.
676 3296 831 3357 Atque
847 3287 996 3357 ipsum
1014 3293 1225 3359 Belgium
1262 3332 1267 3359 τ
1291 3290 1350 3339 de
1391 3290 1643 3348 celebrati,
1694 3290 1743 3338 &
1787 3285 1999 3355 quotidie
2026 3286 2271 3353 prodeunt.

240 3351 446 3402 maxima
462 3368 590 3419 parte
606 3390 619 3411 ,
658 3373 911 3409 mercatura
928 3393 943 3415 ,
979 3362 1029 3409 &
1045 3357 1224 3409 artibus
1261 3362 1267 3395 ³
1297 3362 1418 3407 Nam
1433 3372 1483 3408 ut
1500 3372 1675 3407 veteres
1691 3355 1913 3406 omittam
1930 3387 1949 3414 ‚
1971 3350 2076 3407 sunt
2095 3355 2276 3413 Grotii.

236 3419 423 3470 nititur.
471 3421 605 3471 Adeo
619 3426 759 3494 Belga:
773 3443 919 3476 omne
932 3429 1085 3479 otium
1100 3422 1225 3493 plus·
1261 3402 1267 3455 ¹
1297 3423 1438 3475 vomi
1455 3458 1476 3486 ,
1495 3424 1728 3475 Gronovii
1746 3457 1760 3480 ,
1784 3425 1991 3475 Scriverii
2005 3459 2025 3486 ,
2050 3426 2097 3476 δι
2119 3422 2277 3477 schre-

237 3504 382 3557 quam
400 3490 579 3547 Attica,
594 3491 743 3543 dicam
760 3496 939 3561 potius,
954 3499 1079 3549 velut
1099 3495 1225 3544 anri-
1294 3495 1418 3543 velii.
1476 3491 1766 3545 Postremum
1786 3506 1941 3543 autem
1958 3491 2047 3545 hoc
2065 3494 2279 3547 schxeve-

236 3573 331 3625 qua
350 3560 603 3609 Gallorum
619 3575 822 3614 veterum
838 3560 1083 3615 severitate
1102 3563 1225 3610 mul·
1292 3562 1344 3610 lii
1362 3577 1562 3622 nomen,
1588 3559 1743 3629 quide
1756 3576 1805 3611 re
1824 3562 2044 3613 litteraria
2072 3580 2168 3615 tam
2195 3561 2279 3615 be-

235 3639 375 3691 tant.
416 3627 573 3677 nullus
604 3642 656 3679 ut
686 3630 751 3681 ibi
780 3648 866 3682 nec
894 3649 1004 3700 puer
1035 3629 1230 3699 quidem
1295 3644 1354 3679 ne
1368 3629 1432 3680 est
1450 3630 1794 3698 meritus‚quis
1815 3631 2120 3684 Academicus
2139 3635 2276 3702 igno·

233 3695 555 3764 quinquennis
575 3712 705 3747 vacet
724 3733 739 3753 ‚
772 3716 881 3750 nam
906 3703 985 3768 qui
1002 3697 1231 3768 graviori·
1298 3711 1400 3748 tum
1427 3698 1576 3766 potest
1606 3697 1804 3755 habere,
1840 3713 1947 3748 cum
1977 3697 2279 3752 obversentur

229 3759 318 3812 bus
337 3780 416 3813 aut
433 3766 794 3827 elegantioribus
815 3784 913 3817 non
929 3767 1106 3817 fuerint
1126 3765 1233 3815 ido-
1300 3766 1438 3817 nobis
1454 3783 1564 3818 anre
1577 3767 1740 3819 oculos
1756 3779 1853 3815 tam
1881 3768 2110 3820 luculenta
2126 3802 2142 3827 ,
2179 3782 2278 3817 tam

218 3836 295 3885 nei
316 3868 332 3892 ,
352 3833 410 3885 iii
428 3833 488 3885 ad
508 3834 705 3887 leviores
724 3851 890 3903 operas
914 3836 1221 3904 applicantur.
1263 3872 1269 3884 .
1296 3837 1422 3889 varia
1452 3836 1677 3897 destrinae
1717 3835 1840 3889 illius
1857 3838 2154 3892 monimenta
2170 3868 2190 3895 ‚
2229 3836 2279 3880 δε

2176 3911 2276 3952 1²¹¹!
