2738 4475
447 290 597 366 4¹0
931 265 1437 336 Eunaeum.
1492 266 1989 336 &Am-rutel

448 394 629 464 enim
648 405 753 458 aut
772 383 920 459 Res
908 386 1179 483 publicae
1198 431 1220 465 ‚
1238 412 1340 458 aut
1364 385 1697 485 Dynastae‚
1717 387 1783 457 in
1798 384 1837 456 s
1828 387 1921 458 uis
1941 384 2188 464 arcibus
2201 387 2499 487 ImperaS

449 492 612 562 toris
636 484 914 585 praefidia
935 483 1197 584 regnare
1217 490 1531 583 patiantur
1554 509 1577 572 ς
1613 511 1817 585 neque
1832 488 2119 558 inveniat
2138 511 2262 559 tam
2279 514 2486 587 angu-

454 589 546 663 sta
563 585 992 685 appellatione
1011 586 1309 681 dignatus
1334 635 1356 666 ‚
1392 590 1460 658 in
1493 607 1593 656 tot
1612 585 1867 684 oppidis
1897 634 1922 669 ,
1952 585 2062 656 ubi
2081 610 2224 658 curn
2243 590 2488 662 civium

454 690 640 762 venia
678 681 940 754 habitet.
1012 687 1170 776 Hoc
1205 686 1377 757 dulci
1416 686 1803 784 publicoque
1836 710 2050 758 errore
2067 731 2089 766 ,
2130 681 2244 758 suae
2266 690 2497 785 patriae

451 783 852 879 majestatem
875 806 1302 855 exarmat-unt.
1352 790 1598 884 Neque
1615 792 1792 858 enim
1809 787 2210 884 Septemviri
2229 834 2252 871 ‚
2265 789 2498 886 quibus

448 881 827 959 nominandi
865 883 1280 980 Imperatoris
1302 888 1513 983 patrio
1528 909 1709 957 more
1728 886 2084 957 concessum
2108 886 2206 976 jus
2227 934 2256 968 ,
2307 890 2504 960 alium

445 1009 640 1085 quam
655 982 939 1081 ingentis
957 986 1267 1079 potentie
1291 988 1521 1062 virum,
1542 995 1612 1058 &
1631 987 1743 1084 qui
1760 987 1861 1057 vel
1877 987 2204 1082 opulentis
2225 986 2512 1060 ditioni-

450 1086 568 1156 bus
585 1137 606 1167 ,
646 1086 752 1152 vel
773 1107 1040 1180 purpura
1054 1084 1249 1153 etiam
1270 1080 1657 1183 sceptrisque
1672 1087 1956 1156 emineat
1973 1132 1995 1168 ,
2044 1084 2370 1157 Caesarem
2393 1088 2504 1157 di-

448 1206 595 1256 cere
616 1180 880 1253 debent.
951 1184 1098 1254 Sola
1121 1184 1311 1254 virtus
1327 1208 1517 1283 atque
1539 1185 1844 1255 nobilitas
1861 1185 2000 1256 baec
2017 1182 2302 1282 susti-agia
2318 1181 2491 1255 ferre

449 1308 581 1357 non
604 1278 872 1380 poss'unt.
931 1281 1067 1356 ubi
1088 1285 1262 1354 enim
1284 1284 1636 1356 confideret
1657 1292 2059 1381 Imperator,
2085 1283 2195 1355 nifi
2226 1284 2361 1374 jam
2381 1285 2483 1354 illi

452 1405 637 1457 antea
655 1402 834 1452 extra
850 1384 1204 1479 Imperium
1225 1383 1401 1454 sedes
1422 1405 1450 1469 ς
1496 1384 1601 1455 ubi
1617 1375 1839 1483 ⁴Regia
1857 1431 1879 1464 ,
1917 1410 2050 1483 quae
2067 1405 2251 1454 tantae
2273 1385 2479 1474 maje-

448 1481 629 1555 statis
660 1482 882 1553 titulos
921 1484 1247 1581 excipiat?
1304 1486 1492 1581 AEgre
1524 1484 1758 1556 alicubi
1798 1484 2080 1555 habitare
2095 1501 2476 1581 patrentur,

447 1608 643 1681 quem
663 1602 731 1651 ut
751 1584 1091 1680 plurimum
1106 1604 1329 1655 amant
1350 1582 1679 1666 absentem
1701 1586 2012 1657 venerari.
2073 1580 2267 1671 Quod
2288 1580 2328 1654 si
2347 1578 2474 1654 for·

443 1681 699 1754 tiffimae
716 1683 934 1780 gentis
953 1680 1153 1756 fatum
1174 1684 1430 1755 deleRo
1450 1685 1740 1785 Principi
1751 1707 1955 1756 totam
1975 1684 2374 1781 provinciam
2391 1706 2487 1753 te·

447 1786 561 1883 gio
578 1807 760 1853 more
782 1780 1137 1857 habendam
1157 1785 1563 1881 permitteret
1582 1843 1601 1870 ,
1623 1807 1775 1857 tunc
1796 1783 2133 1855 indomitis
2152 1781 2391 1854 viribus
2413 1782 2491 1853 de

450 1885 562 1956 suo
579 1906 847 1979 corpore
868 1884 1187 1955 inveniret
1210 1885 1301 1952 illi
1319 1880 1576 1982 sceptro
1592 1885 1862 1956 idoneos
1877 1933 1900 1965 ,
1933 1908 2257 1982 unamque
2295 1884 2367 1954 in
2386 1907 2498 1954 co-

454 1983 658 2057 mitiis
682 1983 982 2055 virtutem
1003 1982 1308 2081 respicere
1327 2006 1685 2083 cogeretur.
2317 1987 2327 1994 ’

557 2084 764 2181 Igitur
797 2086 1179 2178 Imperatori
1207 2083 1276 2152 in
1308 2108 1540 2154 omnes
1578 2083 1703 2166 est,
1753 2077 1860 2152 sed
1877 2088 2135 2152 certa&
2158 2079 2501 2180 castigata,

453 2183 770 2280 potentia.
824 2187 903 2250 ln
926 2182 1451 2254 civilibuslitibus
1471 2181 1547 2253 ad
1561 2207 1705 2254 eum
1723 2204 1791 2251 ut
1814 2179 2158 2279 plurimum
2178 2205 2506 2276 provoca-

450 2303 579 2352 tur.
648 2278 968 2375 Capitalia
986 2280 1219 2372 judicia
1236 2289 1310 2355 D
1318 2282 1547 2382 ynastae
1566 2333 1588 2367 ‚
1624 2302 1815 2378 atque
1837 2276 2245 2374 Respublica?
2264 2328 2285 2358 ,
2323 2277 2502 2375 saepe

426 2390 429 2395 “
451 2378 564 2450 suo
581 2380 715 2471 jure
732 2401 1055 2449 exercent.
1122 2388 1189 2452 Is
1229 2383 1494 2455 comitia
1526 2382 1791 2477 Imperii
1821 2401 2054 2478 cogere
2071 2422 2094 2456 ‚
2131 2377 2297 2447 bella
2316 2378 2499 2447 indi-

454 2476 711 2559 cere,de
727 2474 988 2549 summis
1006 2481 1173 2552 inter
1194 2481 1361 2580 ipsos
1385 2479 1701 2581 Dynastas
1720 2474 2162 2551 controverliis
2180 2475 2487 2569 judicare.

450 2577 902 2679 Ingruentibus
921 2579 1106 2651 bellis
1125 2585 1364 2653 milites
1385 2590 1451 2654 &
1479 2582 1816 2679 pecuniam
1832 2582 2102 2677 imperat
2121 2605 2142 2648 t
2195 2573 2240 2646 si
2276 2576 2494 2673 impe-

453 2704 591 2750 rare
610 2701 790 2775 putes
813 2725 834 2759 ,
857 2680 1029 2778 quod
1048 2708 1178 2752 non
1197 2685 1381 2752 aliter
1396 2708 1588 2781 quam
1608 2676 1844 2753 assensu
1866 2680 2109 2751 civium
2125 2678 2319 2749 tollit.

556 2778 886 2875 Principes
902 2824 924 2857 ,
965 2783 1114 2851 utin
1138 2783 1389 2882 ingenti
1409 2784 1675 2880 regione
1696 2828 1718 2862 ‚
1756 2779 2080 2878 permulti.
2133 2777 2261 2849 Sed
2281 2768 2498 2846 divisae

452 2876 622 2947 inter
658 2900 925 2973 agnatos
965 2877 1345 2979 lingularum
1376 2878 1758 2951 familiarum
1779 2878 2311 2975 opesingentium
2332 2876 2490 2943 titu-

451 2979 662 3049 lorum
684 2978 1191 3074 magnitudinem
1212 2977 1377 3076 saepe
1393 3001 1521 3053 non
1543 2996 1831 3071 aequant:
1875 2974 2111 3067 quippe
2127 2969 2295 3040 haud
2311 2969 2443 3039 mul
2455 3006 2482 3021 ·

457 3099 531 3146 to
569 3073 739 3147 secus
774 3080 1149 3149 Provincias
1184 3098 1367 3173 atque
1401 3073 1745 3170 Dynastias
1779 3094 1970 3167 quam
2011 3070 2266 3166 privatae
2294 3065 2490 3137 sortis

455 3176 894 3249 haereditatem
913 3178 1223 3249 dividunt.
1254 3178 1359 3247 Eo
1377 3170 1574 3246 modo
1590 3171 1877 3243 Saxoniae
1893 3168 2336 3264 principatum
2356 3162 2494 3238 fot-

454 3298 523 3344 te
546 3277 752 3371 plures
776 3275 899 3347 hoc
921 3275 1132 3348 seculo
1149 3272 1365 3348 fratres
1381 3276 1550 3345 inter
1568 3269 1631 3342 se
1650 3268 2025 3369 spargebant
2045 3296 2063 3337 t
2081 3274 2154 3336 δι
2177 3269 2493 3368 quoniam

455 3396 556 3443 res
580 3372 765 3442 ardua
784 3374 941 3459 erat,
962 3378 1178 3474 legum
1199 3386 1263 3450 &
1290 3370 1814 3447 consuetudinum
1839 3368 2033 3467 periti
2049 3367 2152 3439 his
2176 3368 2494 3439 advocan-

458 3469 627 3538 tibus
647 3468 1000 3559 advenere3
1042 3477 1268 3572 quibus
1291 3478 1359 3546 in
1389 3474 1679 3546 conclavi
1697 3465 2057 3541 sedentibus
2075 3493 2223 3538 cum
2244 3468 2490 3564 litigan-

454 3589 552 3636 tes
572 3562 794 3639 fratres
816 3569 1094 3643 adefl'ent
1116 3631 1138 3658 ,
1173 3596 1414 3645 emotae
1437 3573 1674 3644 mentis
1697 3571 1824 3653 vir,
1860 3566 1965 3640 sed
1998 3569 2491 3660 innoxiajucun-

459 3664 664 3762 daque
687 3665 922 3739 insania
939 3670 1272 3742 consuetus
1292 3670 1615 3741 delectare
1635 3670 1957 3740 audientes
1971 3712 1994 3745 ,
2013 3669 2080 3737 in
2101 3665 2168 3738 id
2187 3664 2486 3737 secretum

462 3767 784 3867 perrupit:
840 3792 1033 3867 quem
1062 3768 1363 3869 grandior
1400 3788 1548 3838 natu
1583 3794 1661 3839 ex
1701 3768 2030 3841 Saxonicis
2067 3762 2357 3840 fratribus
2393 3765 2481 3832 in-

2192 3913 2197 3917 ·
2290 3884 2500 3943 tuens,
