2738 4475
797 305 894 380 Ῥ
995 328 1047 378 Δ
1147 328 1205 378 ιι
1306 328 1339 377 s
1445 305 1599 377 IV.
2090 314 2235 399 547

196 451 313 502 nec
331 424 643 512 ‚dubitant
680 424 753 497 in
772 427 1094 528 publicum
1114 429 1351 500 ocreati
1373 422 1723 528 procedere
1744 467 1767 505 ‚
1804 420 2005 495 etiam
2029 426 2235 495 calca-

202 526 365 599 ribus
384 527 826 601 verberantem
854 526 1238 627 pulsantibus
1259 550 1507 627 togam.

293 628 520 700 Gallia
538 627 678 697 aliis
696 629 1031 702 virtutibus
1054 679 1077 714 ,
1113 624 1411 726 vitiisque
1430 684 1448 710 ,
1489 622 1732 699 suarum
1752 619 2073 695 causarum
2090 644 2239 693 ora-

200 743 370 797 tores
390 725 694 802 instituit.
763 732 845 800 In
882 729 1254 801 Academiis
1285 728 1552 799 nomine
1588 722 2102 826 jurisprudentiae
2123 723 2243 792 ali-

199 824 480 925 quandiu
495 825 756 927 degunt.
798 830 943 901 Illic
965 829 1224 928 quidam
1243 827 1445 900 literis
1467 826 1753 926 propitio
1768 823 1967 924 genio
1986 822 2246 894 incum-

202 924 385 998 bunt.
459 928 643 997 Alios
680 947 864 1025 putes
886 929 952 1000 in
972 952 1304 999 veternum
1330 949 1497 1013 ,⁴aut
1520 921 2001 999 immodestiam
2024 942 2236 992 natos.

202 1021 509 1124 Utrisque
551 1027 741 1126 (proh
760 1027 1111 1127 temporal)
1150 1026 1302 1099 inde
1343 1025 1720 1098 abeuntibus
1752 1022 1927 1095 idem
1978 1021 2186 1094 honos
2212 1068 2237 1105 ,

203 1125 545 1197 eorundem
569 1130 905 1203 titulorum
925 1126 1282 1228 promiscua
1302 1151 1575 1200 merces.
1650 1125 1791 1217 Qui
1828 1125 2002 1196 enim
2024 1121 2244 1193 inutili

198 1221 450 1297 lascivia
481 1247 584 1297 aut
619 1247 888 1329 torpore
923 1226 1165 1312 lusere,
1202 1228 1365 1299 nihil
1402 1228 1613 1299 minus
1660 1222 1930 1299 modicae
1953 1221 2242 1321 pecuniae

199 1349 326 1421 ope
349 1324 427 1398 ad
449 1351 674 1399 munus
694 1329 1132 1402 advocationis
1156 1327 1539 1426 perveniunt
1557 1359 1581 1419 3
1598 1321 1834 1424 emptis
1860 1321 2102 1397 scilicet
2127 1323 2248 1420 Ju-

200 1421 636 1521 rispetitorum
654 1428 837 1500 suffra
887 1431 996 1513 iis,
1022 1427 1281 1525 quibuS,
1302 1425 1384 1498 de
1403 1423 1858 1524 discipulorum
1874 1422 2242 1497 eruditione

153 1531 161 1536 “
197 1524 573 1594 testantibus
601 1572 624 1606 ‚
664 1457 1074 1625 Magsskratus
1094 1525 1443 1618 &judices
1463 1523 1750 1600 credunt.
1811 1528 1952 1622 Iam
1973 1524 2134 1595 olim
2151 1520 2245 1591 ita

196 1622 436 1693 tradito
453 1646 636 1693 more
654 1673 678 1705 ‚
713 1646 783 1695 ut
817 1617 870 1695 is
909 1623 1119 1699 bonor
1138 1621 1453 1718 ejusmodi
1472 1622 1858 1698 testimoniis
1875 1622 2241 1699 haberetur,

194 1717 491 1791 nondum
529 1722 925 1797 eruditorum
961 1733 1028 1799 &
1071 1724 1333 1824 quidem
1367 1726 1504 1820 jura
1523 1725 1894 1799 docentium
1916 1723 2142 1795 animis
2164 1716 2247 1788 ad

197 1813 461 1891 facilem
499 1826 566 1892 &
604 1821 1031 1923 promiscuam
1068 1833 1489 1898 mereaturam
1531 1823 1986 1939 prostantibus.
2045 1826 2137 1896 Et
2175 1815 2249 1887 hi

193 1917 522 1991 immerita
540 1918 860 2022 dignitate
882 1923 1146 2005 sublati,
1189 1928 1254 1998 in
1277 1925 1674 2026 ignobilibus
1693 1924 1928 1997 deinde
1969 1920 2255 1994 coloniis

189 2039 390 2117 agunt
406 2076 430 2105 ‚
476 2028 544 2095 &
581 2023 756 2096 inter
773 2049 991 2123 parem
1011 2026 1371 2098 animorum
1394 2026 1752 2100 caecitatem
1778 2076 1799 2107 ,
1840 2023 2109 2095 obscuro
2127 2018 2249 2091 tri-

189 2116 404 2191 bunali
422 2118 500 2192 ad
520 2118 812 2195 miseram
831 2124 1141 2197 clientum
1163 2124 1661 2198 advocationem
1681 2122 1996 2196 sufficiunt
2014 2151 2041 2213 3
2073 2120 2173 2191 vel
2193 2113 2241 2190 fi

189 2218 360 2292 inter
396 2220 658 2305 divitias
696 2223 831 2296 nati
872 2221 1055 2308 sunt,
1094 2223 1374 2320 paternis
1411 2222 1640 2324 opibus
1682 2220 1896 2296 statim
1934 2218 2239 2318 excepti,

184 2319 356 2419 proh
375 2318 554 2394 nefas
585 2323 605 2395 !
649 2329 718 2396 δε
760 2325 828 2396 in
869 2320 1317 2422 Magistratum
1350 2349 1611 2425 quoque
1630 2319 2031 2395 excrescunt.
2099 2317 2249 2408 Qui

184 2442 346 2497 vero
378 2423 599 2494 laetum
641 2424 974 2523 ingenium
1010 2419 1513 2522 Jurisprudentia
1547 2426 1857 2525 primum,
1905 2444 2060 2495 mox
2095 2420 2241 2490 elo-

186 2521 457 2619 quentia
473 2516 800 2620 perfecere
816 2580 838 2609 ,
877 2525 926 2595 ii
975 2518 1077 2595 sua
1111 2525 1348 2597 virtute
1368 2546 1583 2599 totum
1598 2521 1898 2595 ordinem
1920 2527 2245 2591 Patrono-

192 2644 337 2693 1um
357 2622 427 2692 in
444 2621 897 2716 ampliffimatn
916 2623 1167 2696 laudem
1189 2625 1518 2699 attollunt.
1585 2624 1724 2701 Vix
1762 2622 1829 2694 in
1863 2620 2000 2692 aliis
2022 2615 2246 2695 homi-e

195 2717 388 2788 nibus
426 2738 562 2791 tam
598 2717 832 2793 sincera
863 2718 1277 2795 humanitatis
1314 2724 1554 2805 studia,
1585 2743 1762 2796 tanta
1799 2745 1945 2793 cura
1983 2738 2089 2790 aut
2107 2737 2245 2789 tam

190 2814 358 2889 felix
374 2818 701 2892 literarum
722 2845 747 2911 3
786 2819 949 2892 adeo
968 2844 1036 2893 ut
1055 2821 1530 2922 simplicitatem
1552 2822 1869 2899 Musarum
1912 2824 2098 2920 (quas
2132 2840 2243 2888 au-

191 2916 386 3003 steri,
427 2915 690 2994 rudesve
722 2917 1144 3021 Philosophi,
1180 2925 1348 3022 pene
1387 2924 1647 2998 rusticas
1682 2946 1861 2996 extra
1900 2919 2244 2992 hominum

188 3013 594 3093 consortium
616 3029 867 3106 tenent)
891 3017 1182 3115 erudiisse
1205 3026 1538 3098 videantur
1559 3025 1636 3098 ad
1657 3026 1860 3099 civilis
1885 3022 2030 3094 vitae
2052 3017 2242 3096 astus,

196 3124 267 3191 δι
289 3118 595 3198 ἀεάιιᾶιε
618 3121 700 3196 de
715 3119 967 3198 suorum
989 3124 1314 3197 montium
1355 3122 1613 3198 secretis
1639 3171 1661 3204 ‚
1698 3149 1862 3196 verae
1898 3122 2026 3191 luci
2062 3136 2248 3214 apta-

194 3213 379 3289 viffe.
434 3221 723 3310 Qidam
741 3244 963 3296 tamen
981 3248 1062 3297 ex
1078 3223 1206 3295 illis
1226 3225 1442 3297 nimiae
1462 3222 1847 3322 eloquentiae
1868 3214 2076 3292 studio
2092 3237 2249 3314 pec-

200 3335 360 3388 cant
378 3360 403 3397 2
438 3323 502 3389 &
529 3319 870 3409 juventutis
890 3322 1160 3403 stimulis
1177 3377 1198 3406 ,
1237 3345 1339 3395 aut
1356 3326 1580 3423 gloriae
1602 3322 1921 3396 ferventes
1937 3369 1960 3403 ‚
1999 3318 2034 3390 ἃ
2055 3342 2246 3388 com·-

195 3412 396 3490 misso
411 3419 773 3515 patrocinio
789 3419 1171 3494 defleelunt.
1215 3423 1512 3519 Judicum
1532 3425 1771 3522 quippe
1794 3428 1860 3493 δε
1887 3420 2249 3492 auditorum

193 3515 462 3590 auribus
478 3515 559 3586 ad
577 3515 974 3617 voluptatem
993 3520 1223 3593 servire
1244 3522 1407 3595 adeo
1427 3544 1648 3593 curant
1662 3570 1685 3605 ‚
1708 3542 1803 3603 ut,
1827 3546 1905 3593 ex
1928 3519 2108 3593 omni
2128 3538 2252 3587 nu·-

190 3640 390 3693 mero
405 3672 425 3703 ‚
445 3617 781 3691 neminem
799 3621 1006 3693 minus
1023 3622 1243 3714 juvent
1264 3648 1460 3724 quam
1482 3624 1788 3696 clientem
1812 3643 1831 3693 ε
1875 3629 1891 3662 ¹
1915 3629 1981 3696 δε
2011 3666 2033 3701 ,
2069 3611 2247 3717 quod

2092 3728 2245 3788 o''ta

265 3831 294 3869 1
329 3815 913 3886 ltqudfdualimn’fit,
944 3818 1110 3872 diffusi
1129 3818 1220 3974 del
1250 3822 1478 3881 exordiri,
1493 3823 1625 3888 ἕνα]
1657 3820 1890 3875 Martialis
1908 3729 2247 3885 Ιὶδτοιίιοὲρῢ

180 3884 392 3957 κριθὴ,
412 3900 563 3942 ατη
582 3886 641 3940 ab
661 3889 1182 3963 unu-Machmas
1245 3906 1509 3965 grammate
1526 3907 1603 3962 19·
1624 3890 1996 4016 izrosthumum
2010 3889 2249 4012 hoff-sant:-

1714 3978 1762 4016 m
1799 3979 1827 4019 2
2116 3976 2129 4011 ι
2178 3972 2197 4006 ¹
2229 3974 2254 4019 “,

1135 4058 1147 4071 f

1410 4072 1415 4079 ι
