<?xml version="1.0" encoding="UTF-8"?>
<!DOCTYPE html PUBLIC "-//W3C//DTD XHTML 1.0 Transitional//EN"
    "http://www.w3.org/TR/xhtml1/DTD/xhtml1-transitional.dtd">
<html xmlns="http://www.w3.org/1999/xhtml" xml:lang="en" lang="en">
 <head>
  <title>
</title>
<meta http-equiv="Content-Type" content="text/html;charset=utf-8" />
  <meta name='ocr-system' content='tesseract 3.04.00' />
  <meta name='ocr-capabilities' content='ocr_page ocr_carea ocr_par ocr_line ocrx_word'/>
</head>
<body>
  <div class='ocr_page' id='page_1' title='image "./euphormionislus00barcgoog_0252.png"; bbox 0 0 2738 4475; ppageno 0'>
   <div class='ocr_carea' id='block_1_1' title="bbox 448 225 2056 311">
    <p class='ocr_par' dir='ltr' id='par_1_1' title="bbox 448 225 2056 311">
     <span class='ocr_line' id='line_1_1' title="bbox 448 225 2056 311; baseline -0.004 -1"><span class='ocrx_word' id='word_1_1' title='bbox 448 248 594 311; x_wconf 75' lang='lat' dir='ltr'>zoo</span> <span class='ocrx_word' id='word_1_2' title='bbox 961 225 1499 304; x_wconf 66' lang='lat' dir='ltr'>Eurnonn.</span> <span class='ocrx_word' id='word_1_3' title='bbox 1555 235 2056 305; x_wconf 67' lang='lat' dir='ltr'>SArrnrer</span> 
     </span>
    </p>
   </div>
   <div class='ocr_carea' id='block_1_2' title="bbox 343 342 2637 3786">
    <p class='ocr_par' dir='ltr' id='par_1_2' title="bbox 343 342 2637 3786">
     <span class='ocr_line' id='line_1_2' title="bbox 448 342 2502 446; baseline -0.001 -22"><span class='ocrx_word' id='word_1_4' title='bbox 448 350 671 425; x_wconf 86' lang='lat' dir='ltr'>diocre</span> <span class='ocrx_word' id='word_1_5' title='bbox 689 342 881 421; x_wconf 86' lang='lat' dir='ltr'>cadit.</span> <span class='ocrx_word' id='word_1_6' title='bbox 919 347 1437 421; x_wconf 80' lang='lat' dir='ltr'>enitentes-‘enim</span> <span class='ocrx_word' id='word_1_7' title='bbox 1460 352 1529 421; x_wconf 93' lang='lat' dir='ltr'>in</span> <span class='ocrx_word' id='word_1_8' title='bbox 1549 349 1853 422; x_wconf 80' lang='lat' dir='ltr'>verticem</span> <span class='ocrx_word' id='word_1_9' title='bbox 1887 351 2001 420; x_wconf 84' lang='lat' dir='ltr'>vel</span> <span class='ocrx_word' id='word_1_10' title='bbox 2014 345 2350 446; x_wconf 87' lang='lat' dir='ltr'>improbus</span> <span class='ocrx_word' id='word_1_11' title='bbox 2367 370 2502 424; x_wconf 84' lang='lat' dir='ltr'>tur·</span> 
     </span>
     <span class='ocr_line' id='line_1_3' title="bbox 453 434 2490 548; baseline 0.001 -25"><span class='ocrx_word' id='word_1_12' title='bbox 453 449 546 523; x_wconf 92' lang='lat' dir='ltr'>bo</span> <span class='ocrx_word' id='word_1_13' title='bbox 582 450 651 523; x_wconf 90' lang='lat' dir='ltr'>in</span> <span class='ocrx_word' id='word_1_14' title='bbox 684 450 1022 546; x_wconf 80' lang='lat' dir='ltr'>voragines</span> <span class='ocrx_word' id='word_1_15' title='bbox 1060 449 1259 548; x_wconf 80' lang='lat' dir='ltr'>rapit,</span> <span class='ocrx_word' id='word_1_16' title='bbox 1288 445 1453 533; x_wconf 76' lang='lat' dir='ltr'>infra</span> <span class='ocrx_word' id='word_1_17' title='bbox 1472 450 1699 547; x_wconf 88' lang='lat' dir='ltr'>prioris</span> <span class='ocrx_word' id='word_1_18' title='bbox 1719 446 2148 521; x_wconf 85' lang='lat' dir='ltr'>humilitatem</span> <span class='ocrx_word' id='word_1_19' title='bbox 2167 450 2327 531; x_wconf 82' lang='lat' dir='ltr'>viae,</span> <span class='ocrx_word' id='word_1_20' title='bbox 2378 434 2490 525; x_wconf 79' lang='lat' dir='ltr'>ve¹</span> 
     </span>
     <span class='ocr_line' id='line_1_4' title="bbox 459 542 2485 651; baseline -0 -29"><span class='ocrx_word' id='word_1_21' title='bbox 459 544 593 651; x_wconf 81' lang='lat' dir='ltr'>ipsa</span> <span class='ocrx_word' id='word_1_22' title='bbox 627 544 892 620; x_wconf 83' lang='lat' dir='ltr'>fortuna·</span> <span class='ocrx_word' id='word_1_23' title='bbox 909 543 1179 618; x_wconf 86' lang='lat' dir='ltr'>sustollit</span> <span class='ocrx_word' id='word_1_24' title='bbox 1200 594 1221 626; x_wconf 87' lang='lat'>‚</span> <span class='ocrx_word' id='word_1_25' title='bbox 1261 556 1327 621; x_wconf 77' lang='grc' dir='ltr'>δι</span> <span class='ocrx_word' id='word_1_26' title='bbox 1351 550 1685 646; x_wconf 86' lang='lat' dir='ltr'>ingentem</span> <span class='ocrx_word' id='word_1_27' title='bbox 1702 542 2081 619; x_wconf 84' lang='lat' dir='ltr'>felicitatem</span> <span class='ocrx_word' id='word_1_28' title='bbox 2100 549 2485 621; x_wconf 87' lang='lat' dir='ltr'>temeritatis</span> 
     </span>
     <span class='ocr_line' id='line_1_5' title="bbox 457 641 2483 749; baseline 0.001 -30"><span class='ocrx_word' id='word_1_29' title='bbox 457 649 789 749; x_wconf 85' lang='lat' dir='ltr'>praemium</span> <span class='ocrx_word' id='word_1_30' title='bbox 807 641 981 717; x_wconf 79' lang='lat' dir='ltr'>facit.</span> <span class='ocrx_word' id='word_1_31' title='bbox 1033 647 1368 719; x_wconf 82' lang='lat' dir='ltr'>Nimirum</span> <span class='ocrx_word' id='word_1_32' title='bbox 1389 647 1500 744; x_wconf 89' lang='lat' dir='ltr'>qui</span> <span class='ocrx_word' id='word_1_33' title='bbox 1518 647 1810 717; x_wconf 88' lang='lat' dir='ltr'>contenti</span> <span class='ocrx_word' id='word_1_34' title='bbox 1825 667 2088 744; x_wconf 89' lang='lat' dir='ltr'>paterna</span> <span class='ocrx_word' id='word_1_35' title='bbox 2102 646 2332 733; x_wconf 87' lang='lat' dir='ltr'>domo,</span> <span class='ocrx_word' id='word_1_36' title='bbox 2348 673 2483 721; x_wconf 88' lang='lat' dir='ltr'>non</span> 
     </span>
     <span class='ocr_line' id='line_1_6' title="bbox 453 741 2489 846; baseline -0 -27"><span class='ocrx_word' id='word_1_37' title='bbox 453 746 880 846; x_wconf 79' lang='lat' dir='ltr'>dedignantur</span> <span class='ocrx_word' id='word_1_38' title='bbox 912 767 1177 817; x_wconf 78' lang='lat' dir='ltr'>avorum</span> <span class='ocrx_word' id='word_1_39' title='bbox 1193 746 1465 817; x_wconf 62' lang='lat' dir='ltr'>leRulos</span> <span class='ocrx_word' id='word_1_40' title='bbox 1484 801 1505 828; x_wconf 90' lang='lat'>,</span> <span class='ocrx_word' id='word_1_41' title='bbox 1543 742 1916 818; x_wconf 78' lang='lat' dir='ltr'>necinfimas</span> <span class='ocrx_word' id='word_1_42' title='bbox 1933 741 2076 841; x_wconf 87' lang='lat' dir='ltr'>spes</span> <span class='ocrx_word' id='word_1_43' title='bbox 2094 745 2354 819; x_wconf 86' lang='lat' dir='ltr'>audiunt</span> <span class='ocrx_word' id='word_1_44' title='bbox 2369 773 2489 821; x_wconf 84' lang='lat' dir='ltr'>vo-</span> 
     </span>
     <span class='ocr_line' id='line_1_7' title="bbox 457 843 2492 944; baseline 0 -26"><span class='ocrx_word' id='word_1_45' title='bbox 457 867 677 918; x_wconf 84' lang='lat' dir='ltr'>cantes</span> <span class='ocrx_word' id='word_1_46' title='bbox 693 843 771 916; x_wconf 87' lang='lat' dir='ltr'>ad</span> <span class='ocrx_word' id='word_1_47' title='bbox 788 844 1052 944; x_wconf 86' lang='lat' dir='ltr'>negotia</span> <span class='ocrx_word' id='word_1_48' title='bbox 1070 889 1094 925; x_wconf 88' lang='lat'>‚</span> <span class='ocrx_word' id='word_1_49' title='bbox 1127 867 1232 915; x_wconf 89' lang='lat' dir='ltr'>aut</span> <span class='ocrx_word' id='word_1_50' title='bbox 1252 844 1623 916; x_wconf 83' lang='lat' dir='ltr'>servitutem</span> <span class='ocrx_word' id='word_1_51' title='bbox 1640 846 1796 915; x_wconf 83' lang='lat' dir='ltr'>aulae</span> <span class='ocrx_word' id='word_1_52' title='bbox 1810 899 1830 928; x_wconf 84' lang='lat'>,</span> <span class='ocrx_word' id='word_1_53' title='bbox 1867 869 1979 915; x_wconf 89' lang='lat' dir='ltr'>eos</span> <span class='ocrx_word' id='word_1_54' title='bbox 2001 868 2128 944; x_wconf 86' lang='lat' dir='ltr'>ego</span> <span class='ocrx_word' id='word_1_55' title='bbox 2149 848 2372 943; x_wconf 78' lang='lat' dir='ltr'>primae</span> <span class='ocrx_word' id='word_1_56' title='bbox 2393 846 2492 918; x_wconf 91' lang='lat' dir='ltr'>illi</span> 
     </span>
     <span class='ocr_line' id='line_1_8' title="bbox 453 940 2490 1043; baseline 0.001 -29"><span class='ocrx_word' id='word_1_57' title='bbox 453 949 524 1014; x_wconf 77' lang='grc' dir='ltr'>δι</span> <span class='ocrx_word' id='word_1_58' title='bbox 547 940 775 1016; x_wconf 78' lang='lat' dir='ltr'>securae</span> <span class='ocrx_word' id='word_1_59' title='bbox 794 946 912 1017; x_wconf 82' lang='lat' dir='ltr'>viae</span> <span class='ocrx_word' id='word_1_60' title='bbox 930 941 1217 1043; x_wconf 75' lang='lat' dir='ltr'>affignot</span> <span class='ocrx_word' id='word_1_61' title='bbox 1255 944 1414 1015; x_wconf 87' lang='lat' dir='ltr'>item</span> <span class='ocrx_word' id='word_1_62' title='bbox 1435 945 1582 1013; x_wconf 90' lang='lat' dir='ltr'>illos</span> <span class='ocrx_word' id='word_1_63' title='bbox 1602 1001 1624 1030; x_wconf 90' lang='lat'>,</span> <span class='ocrx_word' id='word_1_64' title='bbox 1661 945 1772 1043; x_wconf 87' lang='lat' dir='ltr'>qui</span> <span class='ocrx_word' id='word_1_65' title='bbox 1790 943 1986 1014; x_wconf 86' lang='lat' dir='ltr'>literis</span> <span class='ocrx_word' id='word_1_66' title='bbox 2002 943 2113 1014; x_wconf 90' lang='lat' dir='ltr'>dili</span> <span class='ocrx_word' id='word_1_67' title='bbox 2164 966 2350 1016; x_wconf 89' lang='lat' dir='ltr'>enter</span> <span class='ocrx_word' id='word_1_68' title='bbox 2364 948 2490 1017; x_wconf 86' lang='lat' dir='ltr'>im·</span> 
     </span>
     <span class='ocr_line' id='line_1_9' title="bbox 451 1038 2491 1141; baseline 0 -26"><span class='ocrx_word' id='word_1_69' title='bbox 451 1040 592 1115; x_wconf 90' lang='lat' dir='ltr'>buti</span> <span class='ocrx_word' id='word_1_70' title='bbox 608 1043 735 1114; x_wconf 86' lang='lat' dir='ltr'>hoc</span> <span class='ocrx_word' id='word_1_71' title='bbox 757 1044 1033 1141; x_wconf 90' lang='lat' dir='ltr'>primum</span> <span class='ocrx_word' id='word_1_72' title='bbox 1054 1047 1222 1114; x_wconf 87' lang='lat' dir='ltr'>inter</span> <span class='ocrx_word' id='word_1_73' title='bbox 1239 1038 1666 1139; x_wconf 78' lang='lat' dir='ltr'>Philosophos</span> <span class='ocrx_word' id='word_1_74' title='bbox 1684 1041 2035 1115; x_wconf 86' lang='lat' dir='ltr'>didicerunt</span> <span class='ocrx_word' id='word_1_75' title='bbox 2054 1091 2079 1127; x_wconf 87' lang='lat'><strong>,</strong></span> <span class='ocrx_word' id='word_1_76' title='bbox 2137 1043 2491 1115; x_wconf 84' lang='lat' dir='ltr'>elicitatem</span> 
     </span>
     <span class='ocr_line' id='line_1_10' title="bbox 456 1138 2487 1240; baseline 0.001 -29"><span class='ocrx_word' id='word_1_77' title='bbox 456 1141 528 1212; x_wconf 89' lang='lat' dir='ltr'>in</span> <span class='ocrx_word' id='word_1_78' title='bbox 548 1142 764 1240; x_wconf 90' lang='lat' dir='ltr'>quiete</span> <span class='ocrx_word' id='word_1_79' title='bbox 781 1142 1015 1222; x_wconf 87' lang='lat' dir='ltr'>animi,</span> <span class='ocrx_word' id='word_1_80' title='bbox 1053 1142 1269 1213; x_wconf 88' lang='lat' dir='ltr'>nonin</span> <span class='ocrx_word' id='word_1_81' title='bbox 1288 1138 1559 1212; x_wconf 77' lang='lat' dir='ltr'>fascibus</span> <span class='ocrx_word' id='word_1_82' title='bbox 1576 1165 1682 1214; x_wconf 88' lang='lat' dir='ltr'>aut</span> <span class='ocrx_word' id='word_1_83' title='bbox 1703 1166 1971 1240; x_wconf 84' lang='lat' dir='ltr'>purpura</span> <span class='ocrx_word' id='word_1_84' title='bbox 1989 1145 2183 1214; x_wconf 89' lang='lat' dir='ltr'>latere</span> <span class='ocrx_word' id='word_1_85' title='bbox 2199 1196 2222 1225; x_wconf 88' lang='lat'>,</span> <span class='ocrx_word' id='word_1_86' title='bbox 2245 1143 2487 1240; x_wconf 85' lang='lat' dir='ltr'>quique</span> 
     </span>
     <span class='ocr_line' id='line_1_11' title="bbox 451 1237 2483 1338; baseline 0 -27"><span class='ocrx_word' id='word_1_87' title='bbox 451 1239 698 1313; x_wconf 82' lang='lat' dir='ltr'>omiffis</span> <span class='ocrx_word' id='word_1_88' title='bbox 733 1237 1145 1338; x_wconf 77' lang='lat' dir='ltr'>dignitatibus</span> <span class='ocrx_word' id='word_1_89' title='bbox 1166 1286 1189 1321; x_wconf 87' lang='lat'>‚</span> <span class='ocrx_word' id='word_1_90' title='bbox 1225 1262 1330 1312; x_wconf 89' lang='lat' dir='ltr'>aut</span> <span class='ocrx_word' id='word_1_91' title='bbox 1378 1238 1601 1312; x_wconf 88' lang='lat' dir='ltr'>humili</span> <span class='ocrx_word' id='word_1_92' title='bbox 1637 1238 1965 1338; x_wconf 84' lang='lat' dir='ltr'>stipendio</span> <span class='ocrx_word' id='word_1_93' title='bbox 2005 1238 2483 1312; x_wconf 85' lang='lat' dir='ltr'>adolescentum</span> 
     </span>
     <span class='ocr_line' id='line_1_12' title="bbox 375 1337 2485 1437; baseline 0.001 -28"><span class='ocrx_word' id='word_1_94' title='bbox 375 1356 382 1365; x_wconf 84' lang='lat'><em>‘</em></span> <span class='ocrx_word' id='word_1_95' title='bbox 454 1340 705 1426; x_wconf 85' lang='lat' dir='ltr'>animos</span> <span class='ocrx_word' id='word_1_96' title='bbox 739 1338 1043 1410; x_wconf 84' lang='lat' dir='ltr'>excolunt</span> <span class='ocrx_word' id='word_1_97' title='bbox 1062 1381 1086 1416; x_wconf 87' lang='lat'>‚</span> <span class='ocrx_word' id='word_1_98' title='bbox 1121 1357 1228 1408; x_wconf 87' lang='lat' dir='ltr'>aut</span> <span class='ocrx_word' id='word_1_99' title='bbox 1256 1339 1663 1412; x_wconf 81' lang='lat' dir='ltr'>conditiones</span> <span class='ocrx_word' id='word_1_100' title='bbox 1692 1360 1978 1437; x_wconf 65' lang='lat' dir='ltr'>querunt</span> <span class='ocrx_word' id='word_1_101' title='bbox 1994 1339 2158 1411; x_wconf 87' lang='lat' dir='ltr'>infra</span> <span class='ocrx_word' id='word_1_102' title='bbox 2172 1337 2485 1411; x_wconf 86' lang='lat' dir='ltr'>invidiam</span> 
     </span>
     <span class='ocr_line' id='line_1_13' title="bbox 453 1434 2487 1537; baseline 0.001 -29"><span class='ocrx_word' id='word_1_103' title='bbox 453 1434 787 1509; x_wconf 82' lang='lat' dir='ltr'>demiffas:</span> <span class='ocrx_word' id='word_1_104' title='bbox 827 1436 974 1508; x_wconf 90' lang='lat' dir='ltr'>illos</span> <span class='ocrx_word' id='word_1_105' title='bbox 1011 1435 1315 1534; x_wconf 84' lang='lat' dir='ltr'>inquam,</span> <span class='ocrx_word' id='word_1_106' title='bbox 1356 1464 1519 1537; x_wconf 87' lang='lat' dir='ltr'>quos</span> <span class='ocrx_word' id='word_1_107' title='bbox 1540 1464 1673 1510; x_wconf 93' lang='lat' dir='ltr'>non</span> <span class='ocrx_word' id='word_1_108' title='bbox 1688 1436 2023 1511; x_wconf 84' lang='lat' dir='ltr'>offendunt</span> <span class='ocrx_word' id='word_1_109' title='bbox 2044 1437 2227 1533; x_wconf 84' lang='lat' dir='ltr'>hujus</span> <span class='ocrx_word' id='word_1_110' title='bbox 2244 1436 2487 1512; x_wconf 80' lang='lat' dir='ltr'>semitae</span> 
     </span>
     <span class='ocr_line' id='line_1_14' title="bbox 451 1532 2493 1636; baseline 0 -29"><span class='ocrx_word' id='word_1_111' title='bbox 451 1535 670 1609; x_wconf 86' lang='lat' dir='ltr'>sordes</span> <span class='ocrx_word' id='word_1_112' title='bbox 688 1593 709 1622; x_wconf 90' lang='lat'>,</span> <span class='ocrx_word' id='word_1_113' title='bbox 750 1559 872 1607; x_wconf 87' lang='lat' dir='ltr'>nec</span> <span class='ocrx_word' id='word_1_114' title='bbox 908 1532 1278 1606; x_wconf 84' lang='lat' dir='ltr'>ambitionis</span> <span class='ocrx_word' id='word_1_115' title='bbox 1301 1540 1616 1636; x_wconf 88' lang='lat' dir='ltr'>cupiditas</span> <span class='ocrx_word' id='word_1_116' title='bbox 1635 1559 1891 1611; x_wconf 88' lang='lat' dir='ltr'>revocat</span> <span class='ocrx_word' id='word_1_117' title='bbox 1907 1586 1932 1622; x_wconf 83' lang='lat'><strong>‚</strong></span> <span class='ocrx_word' id='word_1_118' title='bbox 1967 1563 2122 1610; x_wconf 88' lang='lat' dir='ltr'>meo</span> <span class='ocrx_word' id='word_1_119' title='bbox 2138 1536 2377 1631; x_wconf 75' lang='lat' dir='ltr'>judicio</span> <span class='ocrx_word' id='word_1_120' title='bbox 2393 1536 2493 1609; x_wconf 86' lang='lat' dir='ltr'>sa-</span> 
     </span>
     <span class='ocr_line' id='line_1_15' title="bbox 343 1630 2489 1734; baseline 0.001 -28"><span class='ocrx_word' id='word_1_121' title='bbox 343 1712 354 1717; x_wconf 44' lang='lat'>„</span> <span class='ocrx_word' id='word_1_122' title='bbox 453 1636 700 1734; x_wconf 83' lang='lat' dir='ltr'>pientia</span> <span class='ocrx_word' id='word_1_123' title='bbox 731 1636 799 1708; x_wconf 91' lang='lat' dir='ltr'>in</span> <span class='ocrx_word' id='word_1_124' title='bbox 838 1633 1238 1734; x_wconf 85' lang='lat' dir='ltr'>disciplinam</span> <span class='ocrx_word' id='word_1_125' title='bbox 1271 1630 1582 1733; x_wconf 86' lang='lat' dir='ltr'>suscepit,</span> <span class='ocrx_word' id='word_1_126' title='bbox 1621 1646 1691 1712; x_wconf 85' lang='lat'>&amp;</span> <span class='ocrx_word' id='word_1_127' title='bbox 1724 1662 1871 1711; x_wconf 90' lang='lat' dir='ltr'>cum</span> <span class='ocrx_word' id='word_1_128' title='bbox 1907 1637 1985 1709; x_wconf 89' lang='lat' dir='ltr'>iis</span> <span class='ocrx_word' id='word_1_129' title='bbox 2024 1659 2197 1710; x_wconf 82' lang='lat' dir='ltr'>amat</span> <span class='ocrx_word' id='word_1_130' title='bbox 2214 1631 2489 1709; x_wconf 83' lang='lat' dir='ltr'>felicitas</span> 
     </span>
     <span class='ocr_line' id='line_1_16' title="bbox 453 1733 2492 1827; baseline 0.001 -21"><span class='ocrx_word' id='word_1_131' title='bbox 453 1733 764 1807; x_wconf 86' lang='lat' dir='ltr'>rusticari.</span> <span class='ocrx_word' id='word_1_132' title='bbox 817 1739 1008 1827; x_wconf 80' lang='lat' dir='ltr'>Quos</span> <span class='ocrx_word' id='word_1_133' title='bbox 1047 1757 1258 1807; x_wconf 86' lang='lat' dir='ltr'>autem</span> <span class='ocrx_word' id='word_1_134' title='bbox 1290 1738 1359 1807; x_wconf 89' lang='lat' dir='ltr'>in</span> <span class='ocrx_word' id='word_1_135' title='bbox 1392 1737 1562 1809; x_wconf 86' lang='lat' dir='ltr'>aliud</span> <span class='ocrx_word' id='word_1_136' title='bbox 1596 1739 1776 1809; x_wconf 87' lang='lat' dir='ltr'>itere</span> <span class='ocrx_word' id='word_1_137' title='bbox 1869 1737 1920 1808; x_wconf 89' lang='lat' dir='ltr'>it</span> <span class='ocrx_word' id='word_1_138' title='bbox 1934 1736 2253 1812; x_wconf 78' lang='lat' dir='ltr'>aestuantis</span> <span class='ocrx_word' id='word_1_139' title='bbox 2271 1735 2492 1808; x_wconf 87' lang='lat' dir='ltr'>adole-</span> 
     </span>
     <span class='ocr_line' id='line_1_17' title="bbox 413 1829 2489 1931; baseline -0 -27"><span class='ocrx_word' id='word_1_140' title='bbox 413 1874 422 1881; x_wconf 90' lang='lat'><strong>·</strong></span> <span class='ocrx_word' id='word_1_141' title='bbox 454 1830 715 1908; x_wconf 79' lang='lat' dir='ltr'>scentiae</span> <span class='ocrx_word' id='word_1_142' title='bbox 753 1829 964 1916; x_wconf 83' lang='lat' dir='ltr'>furor,</span> <span class='ocrx_word' id='word_1_143' title='bbox 1016 1856 1122 1905; x_wconf 85' lang='lat' dir='ltr'>aut</span> <span class='ocrx_word' id='word_1_144' title='bbox 1159 1835 1464 1931; x_wconf 67' lang='lat' dir='ltr'>negotia,</span> <span class='ocrx_word' id='word_1_145' title='bbox 1497 1857 1603 1905; x_wconf 82' lang='lat' dir='ltr'>aut</span> <span class='ocrx_word' id='word_1_146' title='bbox 1633 1834 1817 1905; x_wconf 76' lang='lat' dir='ltr'>turbi‘</span> <span class='ocrx_word' id='word_1_147' title='bbox 1847 1855 2157 1905; x_wconf 77' lang='lat' dir='ltr'>aenaturae</span> <span class='ocrx_word' id='word_1_148' title='bbox 2178 1835 2489 1931; x_wconf 81' lang='lat' dir='ltr'>impetus,</span> 
     </span>
     <span class='ocr_line' id='line_1_18' title="bbox 454 1930 2481 2031; baseline -0.002 -28"><span class='ocrx_word' id='word_1_149' title='bbox 454 1955 565 2003; x_wconf 88' lang='lat' dir='ltr'>aut</span> <span class='ocrx_word' id='word_1_150' title='bbox 600 1935 908 2031; x_wconf 79' lang='lat' dir='ltr'>potentiae</span> <span class='ocrx_word' id='word_1_151' title='bbox 941 1956 1161 2011; x_wconf 84' lang='lat' dir='ltr'>amor,</span> <span class='ocrx_word' id='word_1_152' title='bbox 1199 1939 1267 2002; x_wconf 87' lang='lat'>&amp;</span> <span class='ocrx_word' id='word_1_153' title='bbox 1302 1955 1482 2027; x_wconf 79' lang='lat' dir='ltr'>paene</span> <span class='ocrx_word' id='word_1_154' title='bbox 1519 1930 1768 2025; x_wconf 87' lang='lat' dir='ltr'>semper</span> <span class='ocrx_word' id='word_1_155' title='bbox 1793 1953 1975 1998; x_wconf 86' lang='lat' dir='ltr'>aurea</span> <span class='ocrx_word' id='word_1_156' title='bbox 2007 1930 2326 2027; x_wconf 84' lang='lat' dir='ltr'>dignitas,</span> <span class='ocrx_word' id='word_1_157' title='bbox 2378 1932 2481 1999; x_wconf 89' lang='lat' dir='ltr'>illi</span> 
     </span>
     <span class='ocr_line' id='line_1_19' title="bbox 451 2023 2476 2123; baseline -0.002 -22"><span class='ocrx_word' id='word_1_158' title='bbox 451 2054 587 2101; x_wconf 88' lang='lat' dir='ltr'>non</span> <span class='ocrx_word' id='word_1_159' title='bbox 610 2030 951 2122; x_wconf 85' lang='lat' dir='ltr'>majoribus</span> <span class='ocrx_word' id='word_1_160' title='bbox 969 2030 1341 2123; x_wconf 85' lang='lat' dir='ltr'>plerumque</span> <span class='ocrx_word' id='word_1_161' title='bbox 1361 2028 1637 2121; x_wconf 74' lang='lat' dir='ltr'>praemiis</span> <span class='ocrx_word' id='word_1_162' title='bbox 1656 2025 2036 2121; x_wconf 85' lang='lat' dir='ltr'>impendunt</span> <span class='ocrx_word' id='word_1_163' title='bbox 2057 2023 2476 2096; x_wconf 85' lang='lat' dir='ltr'>miserrimam</span> 
     </span>
     <span class='ocr_line' id='line_1_20' title="bbox 449 2118 2480 2206; baseline -0.001 -9"><span class='ocrx_word' id='word_1_164' title='bbox 449 2146 705 2198; x_wconf 81' lang='lat' dir='ltr'>oetatem</span> <span class='ocrx_word' id='word_1_165' title='bbox 724 2170 748 2206; x_wconf 86' lang='lat'>,</span> <span class='ocrx_word' id='word_1_166' title='bbox 781 2120 887 2193; x_wconf 88' lang='lat' dir='ltr'>sed</span> <span class='ocrx_word' id='word_1_167' title='bbox 921 2143 1167 2193; x_wconf 88' lang='lat' dir='ltr'>tantum</span> <span class='ocrx_word' id='word_1_168' title='bbox 1199 2121 1519 2194; x_wconf 83' lang='lat' dir='ltr'>illustriori</span> <span class='ocrx_word' id='word_1_169' title='bbox 1552 2119 1700 2193; x_wconf 73' lang='lat' dir='ltr'>finco</span> <span class='ocrx_word' id='word_1_170' title='bbox 1714 2118 1988 2193; x_wconf 86' lang='lat' dir='ltr'>miserias</span> <span class='ocrx_word' id='word_1_171' title='bbox 2006 2120 2137 2193; x_wconf 85' lang='lat' dir='ltr'>suas</span> <span class='ocrx_word' id='word_1_172' title='bbox 2154 2119 2480 2194; x_wconf 83' lang='lat' dir='ltr'>excusant.</span> 
     </span>
     <span class='ocr_line' id='line_1_21' title="bbox 441 2217 2489 2320; baseline 0.001 -28"><span class='ocrx_word' id='word_1_173' title='bbox 441 2222 735 2296; x_wconf 85' lang='lat' dir='ltr'>Primum</span> <span class='ocrx_word' id='word_1_174' title='bbox 768 2220 942 2292; x_wconf 89' lang='lat' dir='ltr'>enim</span> <span class='ocrx_word' id='word_1_175' title='bbox 979 2219 1352 2319; x_wconf 86' lang='lat' dir='ltr'>plerumque</span> <span class='ocrx_word' id='word_1_176' title='bbox 1391 2223 1584 2320; x_wconf 89' lang='lat' dir='ltr'>longa</span> <span class='ocrx_word' id='word_1_177' title='bbox 1616 2217 1726 2319; x_wconf 89' lang='lat' dir='ltr'>spe</span> <span class='ocrx_word' id='word_1_178' title='bbox 1741 2219 2037 2318; x_wconf 85' lang='lat' dir='ltr'>decepti,</span> <span class='ocrx_word' id='word_1_179' title='bbox 2072 2217 2235 2292; x_wconf 83' lang='lat' dir='ltr'>nihil</span> <span class='ocrx_word' id='word_1_180' title='bbox 2254 2220 2335 2295; x_wconf 83' lang='lat' dir='ltr'>ad</span> <span class='ocrx_word' id='word_1_181' title='bbox 2356 2223 2489 2295; x_wconf 85' lang='lat' dir='ltr'>mi-</span> 
     </span>
     <span class='ocr_line' id='line_1_22' title="bbox 439 2315 2482 2418; baseline 0.001 -26"><span class='ocrx_word' id='word_1_182' title='bbox 439 2318 772 2392; x_wconf 86' lang='lat' dir='ltr'>serrimam</span> <span class='ocrx_word' id='word_1_183' title='bbox 793 2315 1184 2390; x_wconf 74' lang='lat' dir='ltr'>seneflutem</span> <span class='ocrx_word' id='word_1_184' title='bbox 1206 2342 1435 2418; x_wconf 84' lang='lat' dir='ltr'>praeter</span> <span class='ocrx_word' id='word_1_185' title='bbox 1454 2341 1600 2393; x_wconf 73' lang='lat' dir='ltr'>vota</span> <span class='ocrx_word' id='word_1_186' title='bbox 1619 2329 1684 2395; x_wconf 81' lang='grc' dir='ltr'>δι</span> <span class='ocrx_word' id='word_1_187' title='bbox 1705 2344 1878 2391; x_wconf 87' lang='lat' dir='ltr'>curas</span> <span class='ocrx_word' id='word_1_188' title='bbox 1896 2317 2194 2392; x_wconf 84' lang='lat' dir='ltr'>afferunt.</span> <span class='ocrx_word' id='word_1_189' title='bbox 2221 2323 2312 2393; x_wconf 85' lang='lat' dir='ltr'>Et</span> <span class='ocrx_word' id='word_1_190' title='bbox 2331 2345 2482 2395; x_wconf 89' lang='lat' dir='ltr'>cum</span> 
     </span>
     <span class='ocr_line' id='line_1_23' title="bbox 441 2416 2485 2519; baseline 0.001 -27"><span class='ocrx_word' id='word_1_191' title='bbox 441 2418 627 2492; x_wconf 84' lang='lat' dir='ltr'>libert</span> <span class='ocrx_word' id='word_1_192' title='bbox 635 2438 809 2490; x_wconf 89' lang='lat' dir='ltr'>atem</span> <span class='ocrx_word' id='word_1_193' title='bbox 824 2417 1119 2494; x_wconf 83' lang='lat' dir='ltr'>viliffima</span> <span class='ocrx_word' id='word_1_194' title='bbox 1136 2416 1435 2492; x_wconf 83' lang='lat' dir='ltr'>servitute</span> <span class='ocrx_word' id='word_1_195' title='bbox 1453 2422 1870 2519; x_wconf 88' lang='lat' dir='ltr'>permutarint</span> <span class='ocrx_word' id='word_1_196' title='bbox 1886 2466 1910 2502; x_wconf 90' lang='lat'>‚</span> <span class='ocrx_word' id='word_1_197' title='bbox 1928 2444 2075 2492; x_wconf 89' lang='lat' dir='ltr'>cum</span> <span class='ocrx_word' id='word_1_198' title='bbox 2093 2419 2286 2492; x_wconf 83' lang='lat' dir='ltr'>instar</span> <span class='ocrx_word' id='word_1_199' title='bbox 2298 2416 2485 2494; x_wconf 87' lang='lat' dir='ltr'>satel-</span> 
     </span>
     <span class='ocr_line' id='line_1_24' title="bbox 445 2516 2488 2621; baseline 0 -28"><span class='ocrx_word' id='word_1_200' title='bbox 445 2520 634 2593; x_wconf 89' lang='lat' dir='ltr'>litum</span> <span class='ocrx_word' id='word_1_201' title='bbox 665 2516 993 2590; x_wconf 84' lang='lat' dir='ltr'>adoratum</span> <span class='ocrx_word' id='word_1_202' title='bbox 1023 2516 1345 2591; x_wconf 82' lang='lat' dir='ltr'>induerint</span> <span class='ocrx_word' id='word_1_203' title='bbox 1365 2522 1524 2592; x_wconf 89' lang='lat' dir='ltr'>latus</span> <span class='ocrx_word' id='word_1_204' title='bbox 1544 2570 1569 2606; x_wconf 85' lang='lat'>‚</span> <span class='ocrx_word' id='word_1_205' title='bbox 1600 2519 1774 2621; x_wconf 89' lang='lat' dir='ltr'>quod</span> <span class='ocrx_word' id='word_1_206' title='bbox 1792 2540 1928 2592; x_wconf 86' lang='lat' dir='ltr'>tam</span> <span class='ocrx_word' id='word_1_207' title='bbox 1947 2519 2228 2619; x_wconf 89' lang='lat' dir='ltr'>indignis</span> <span class='ocrx_word' id='word_1_208' title='bbox 2245 2519 2488 2594; x_wconf 89' lang='lat' dir='ltr'>labori-</span> 
     </span>
     <span class='ocr_line' id='line_1_25' title="bbox 449 2613 2486 2717; baseline 0.001 -27"><span class='ocrx_word' id='word_1_209' title='bbox 449 2617 569 2690; x_wconf 90' lang='lat' dir='ltr'>bus</span> <span class='ocrx_word' id='word_1_210' title='bbox 604 2639 943 2717; x_wconf 86' lang='lat' dir='ltr'>emerunt‚</span> <span class='ocrx_word' id='word_1_211' title='bbox 979 2613 1141 2717; x_wconf 79' lang='lat' dir='ltr'>saepe</span> <span class='ocrx_word' id='word_1_212' title='bbox 1169 2621 1668 2714; x_wconf 66' lang='lat' dir='ltr'>levijaetatione</span> <span class='ocrx_word' id='word_1_213' title='bbox 1684 2620 2148 2716; x_wconf 84' lang='lat' dir='ltr'>corrumpitur:</span> <span class='ocrx_word' id='word_1_214' title='bbox 2200 2618 2486 2706; x_wconf 75' lang='lat' dir='ltr'>Inclina-</span> 
     </span>
     <span class='ocr_line' id='line_1_26' title="bbox 448 2712 2479 2818; baseline 0.001 -28"><span class='ocrx_word' id='word_1_215' title='bbox 448 2719 549 2790; x_wconf 89' lang='lat' dir='ltr'>tio</span> <span class='ocrx_word' id='word_1_216' title='bbox 579 2736 947 2814; x_wconf 89' lang='lat' dir='ltr'>temporum</span> <span class='ocrx_word' id='word_1_217' title='bbox 980 2712 1269 2790; x_wconf 82' lang='lat' dir='ltr'>fundatas</span> <span class='ocrx_word' id='word_1_218' title='bbox 1287 2722 1511 2791; x_wconf 83' lang='lat' dir='ltr'>annuis</span> <span class='ocrx_word' id='word_1_219' title='bbox 1530 2722 1693 2793; x_wconf 90' lang='lat' dir='ltr'>curis</span> <span class='ocrx_word' id='word_1_220' title='bbox 1711 2744 1871 2818; x_wconf 90' lang='lat' dir='ltr'>opes</span> <span class='ocrx_word' id='word_1_221' title='bbox 1891 2713 2254 2816; x_wconf 86' lang='lat' dir='ltr'>frequenter</span> <span class='ocrx_word' id='word_1_222' title='bbox 2265 2715 2479 2793; x_wconf 88' lang='lat' dir='ltr'>secum</span> 
     </span>
     <span class='ocr_line' id='line_1_27' title="bbox 448 2812 2479 2915; baseline 0.001 -28"><span class='ocrx_word' id='word_1_223' title='bbox 448 2840 517 2887; x_wconf 84' lang='lat' dir='ltr'>ra</span> <span class='ocrx_word' id='word_1_224' title='bbox 567 2815 697 2897; x_wconf 85' lang='lat' dir='ltr'>uit,</span> <span class='ocrx_word' id='word_1_225' title='bbox 733 2835 839 2885; x_wconf 83' lang='lat' dir='ltr'>aut</span> <span class='ocrx_word' id='word_1_226' title='bbox 872 2817 941 2885; x_wconf 87' lang='lat' dir='ltr'>in</span> <span class='ocrx_word' id='word_1_227' title='bbox 984 2816 1113 2886; x_wconf 83' lang='lat' dir='ltr'>illis</span> <span class='ocrx_word' id='word_1_228' title='bbox 1144 2820 1419 2890; x_wconf 81' lang='lat' dir='ltr'>mutatio</span> <span class='ocrx_word' id='word_1_229' title='bbox 1436 2822 1834 2898; x_wconf 81' lang='lat' dir='ltr'>animorum,</span> <span class='ocrx_word' id='word_1_230' title='bbox 1869 2818 2096 2915; x_wconf 86' lang='lat' dir='ltr'>quibus</span> <span class='ocrx_word' id='word_1_231' title='bbox 2116 2812 2364 2888; x_wconf 83' lang='lat' dir='ltr'>fortuna</span> <span class='ocrx_word' id='word_1_232' title='bbox 2384 2816 2479 2891; x_wconf 88' lang='lat' dir='ltr'>sui</span> 
     </span>
     <span class='ocr_line' id='line_1_28' title="bbox 441 2841 2483 3015; baseline -0.003 -28"><span class='ocrx_word' id='word_1_233' title='bbox 441 2841 619 2987; x_wconf 64' lang='lat' dir='ltr'>orbis</span> <span class='ocrx_word' id='word_1_234' title='bbox 656 2911 1173 2986; x_wconf 87' lang='lat' dir='ltr'>incertitudinem</span> <span class='ocrx_word' id='word_1_235' title='bbox 1207 2917 1506 3013; x_wconf 77' lang='lat' dir='ltr'>permisit.</span> <span class='ocrx_word' id='word_1_236' title='bbox 1565 2919 1699 2990; x_wconf 90' lang='lat' dir='ltr'>Alii</span> <span class='ocrx_word' id='word_1_237' title='bbox 1735 2918 2022 3015; x_wconf 78' lang='lat' dir='ltr'>potentia</span> <span class='ocrx_word' id='word_1_238' title='bbox 2052 2913 2280 2985; x_wconf 83' lang='lat' dir='ltr'>cadunt</span> <span class='ocrx_word' id='word_1_239' title='bbox 2297 2916 2364 2985; x_wconf 91' lang='lat' dir='ltr'>in</span> <span class='ocrx_word' id='word_1_240' title='bbox 2380 2918 2483 2987; x_wconf 88' lang='lat' dir='ltr'>in.</span> 
     </span>
     <span class='ocr_line' id='line_1_29' title="bbox 444 3012 2474 3114; baseline 0 -28"><span class='ocrx_word' id='word_1_241' title='bbox 444 3015 638 3086; x_wconf 88' lang='lat' dir='ltr'>teritu</span> <span class='ocrx_word' id='word_1_242' title='bbox 671 3031 1077 3114; x_wconf 78' lang='lat' dir='ltr'>magnatum„</span> <span class='ocrx_word' id='word_1_243' title='bbox 1138 3029 1209 3084; x_wconf 86' lang='lat' dir='ltr'>ut</span> <span class='ocrx_word' id='word_1_244' title='bbox 1252 3020 1268 3051; x_wconf 88' lang='lat'><em>¹</em></span> <span class='ocrx_word' id='word_1_245' title='bbox 1287 3041 1430 3112; x_wconf 79' lang='lat' dir='ltr'>quae</span> <span class='ocrx_word' id='word_1_246' title='bbox 1472 3015 1800 3114; x_wconf 67' lang='lat' dir='ltr'>Nympha</span> <span class='ocrx_word' id='word_1_247' title='bbox 1823 3037 1970 3086; x_wconf 85' lang='lat' dir='ltr'>cnm</span> <span class='ocrx_word' id='word_1_248' title='bbox 1986 3012 2305 3083; x_wconf 89' lang='lat' dir='ltr'>arboribus</span> <span class='ocrx_word' id='word_1_249' title='bbox 2324 3041 2474 3086; x_wconf 84' lang='lat' dir='ltr'>mo—</span> 
     </span>
     <span class='ocr_line' id='line_1_30' title="bbox 442 3107 2475 3211; baseline -0 -25"><span class='ocrx_word' id='word_1_250' title='bbox 442 3115 690 3186; x_wconf 88' lang='lat' dir='ltr'>riuntur</span> <span class='ocrx_word' id='word_1_251' title='bbox 706 3160 732 3198; x_wconf 90' lang='lat'>‚</span> <span class='ocrx_word' id='word_1_252' title='bbox 769 3120 835 3185; x_wconf 85' lang='lat'>&amp;</span> <span class='ocrx_word' id='word_1_253' title='bbox 872 3131 974 3183; x_wconf 90' lang='lat' dir='ltr'>tot</span> <span class='ocrx_word' id='word_1_254' title='bbox 994 3113 1121 3183; x_wconf 86' lang='lat' dir='ltr'>tela</span> <span class='ocrx_word' id='word_1_255' title='bbox 1139 3114 1208 3183; x_wconf 90' lang='lat' dir='ltr'>in</span> <span class='ocrx_word' id='word_1_256' title='bbox 1224 3136 1338 3183; x_wconf 89' lang='lat' dir='ltr'>eos</span> <span class='ocrx_word' id='word_1_257' title='bbox 1359 3110 1610 3184; x_wconf 85' lang='lat' dir='ltr'>fortuna</span> <span class='ocrx_word' id='word_1_258' title='bbox 1628 3115 1873 3185; x_wconf 79' lang='lat' dir='ltr'>invenit</span> <span class='ocrx_word' id='word_1_259' title='bbox 1892 3156 1916 3191; x_wconf 89' lang='lat'>‚</span> <span class='ocrx_word' id='word_1_260' title='bbox 1951 3111 2062 3207; x_wconf 85' lang='lat' dir='ltr'>qui</span> <span class='ocrx_word' id='word_1_261' title='bbox 2079 3107 2141 3180; x_wconf 90' lang='lat' dir='ltr'>se</span> <span class='ocrx_word' id='word_1_262' title='bbox 2155 3112 2323 3184; x_wconf 88' lang='lat' dir='ltr'>illius</span> <span class='ocrx_word' id='word_1_263' title='bbox 2348 3140 2475 3211; x_wconf 86' lang='lat' dir='ltr'>po-</span> 
     </span>
     <span class='ocr_line' id='line_1_31' title="bbox 442 3209 2477 3295; baseline 0.002 -14"><span class='ocrx_word' id='word_1_264' title='bbox 442 3210 660 3283; x_wconf 83' lang='lat' dir='ltr'>testati</span> <span class='ocrx_word' id='word_1_265' title='bbox 694 3210 1115 3292; x_wconf 87' lang='lat' dir='ltr'>tradiderunt,</span> <span class='ocrx_word' id='word_1_266' title='bbox 1173 3233 1242 3282; x_wconf 91' lang='lat' dir='ltr'>ut</span> <span class='ocrx_word' id='word_1_267' title='bbox 1272 3209 1469 3284; x_wconf 76' lang='lat' dir='ltr'>instar</span> <span class='ocrx_word' id='word_1_268' title='bbox 1501 3213 1848 3285; x_wconf 89' lang='lat' dir='ltr'>multorum</span> <span class='ocrx_word' id='word_1_269' title='bbox 1882 3209 2212 3295; x_wconf 81' lang='lat' dir='ltr'>videatur,</span> <span class='ocrx_word' id='word_1_270' title='bbox 2264 3216 2477 3288; x_wconf 83' lang='lat' dir='ltr'>nullos</span> 
     </span>
     <span class='ocr_line' id='line_1_32' title="bbox 440 3308 1521 3408; baseline 0.002 -25"><span class='ocrx_word' id='word_1_271' title='bbox 440 3309 654 3383; x_wconf 84' lang='lat' dir='ltr'>minus</span> <span class='ocrx_word' id='word_1_272' title='bbox 675 3335 866 3408; x_wconf 88' lang='lat' dir='ltr'>quam</span> <span class='ocrx_word' id='word_1_273' title='bbox 882 3308 1267 3383; x_wconf 88' lang='lat' dir='ltr'>domesticos</span> <span class='ocrx_word' id='word_1_274' title='bbox 1289 3334 1521 3385; x_wconf 84' lang='lat' dir='ltr'>amare.</span> 
     </span>
     <span class='ocr_line' id='line_1_33' title="bbox 542 3403 2471 3511; baseline 0.003 -32"><span class='ocrx_word' id='word_1_275' title='bbox 542 3408 872 3482; x_wconf 76' lang='lat' dir='ltr'>Caeterum</span> <span class='ocrx_word' id='word_1_276' title='bbox 893 3412 1003 3511; x_wconf 87' lang='lat' dir='ltr'>qui</span> <span class='ocrx_word' id='word_1_277' title='bbox 1022 3409 1410 3484; x_wconf 88' lang='lat' dir='ltr'>emerserunt</span> <span class='ocrx_word' id='word_1_278' title='bbox 1425 3432 1503 3480; x_wconf 80' lang='lat' dir='ltr'>ex</span> <span class='ocrx_word' id='word_1_279' title='bbox 1524 3407 1650 3480; x_wconf 86' lang='lat' dir='ltr'>illis</span> <span class='ocrx_word' id='word_1_280' title='bbox 1683 3403 1980 3480; x_wconf 60' lang='lat' dir='ltr'>fluetibus</span> <span class='ocrx_word' id='word_1_281' title='bbox 2004 3456 2031 3494; x_wconf 87' lang='lat'><strong>,</strong></span> <span class='ocrx_word' id='word_1_282' title='bbox 2059 3403 2265 3484; x_wconf 82' lang='lat' dir='ltr'>fateor</span> <span class='ocrx_word' id='word_1_283' title='bbox 2289 3458 2314 3497; x_wconf 85' lang='lat'><strong>,</strong></span> <span class='ocrx_word' id='word_1_284' title='bbox 2350 3409 2471 3483; x_wconf 84' lang='lat' dir='ltr'>hu-</span> 
     </span>
     <span class='ocr_line' id='line_1_34' title="bbox 2161 3513 2637 3636; baseline 0 -51"><span class='ocrx_word' id='word_1_285' title='bbox 2161 3513 2467 3585; x_wconf 85' lang='lat' dir='ltr'>manitate</span> <span class='ocrx_word' id='word_1_286' title='bbox 2551 3543 2637 3636; x_wconf 39' lang='grc' dir='ltr'>φ,</span> 
     </span>
     <span class='ocr_line' id='line_1_35' title="bbox 422 3646 2467 3786; baseline 0.003 -17"><span class='ocrx_word' id='word_1_287' title='bbox 422 3647 1427 3786; x_wconf 31' lang='lat' dir='ltr'>&amp;affimat-*ema</span> <span class='ocrx_word' id='word_1_288' title='bbox 1471 3646 1718 3772; x_wconf 55' lang='lat' dir='ltr'>m?</span> <span class='ocrx_word' id='word_1_289' title='bbox 1734 3648 1893 3712; x_wconf 51' lang='lat' dir='ltr'>“m</span> <span class='ocrx_word' id='word_1_290' title='bbox 1928 3652 1978 3704; x_wconf 40' lang='grc' dir='ltr'>ἃ</span> <span class='ocrx_word' id='word_1_291' title='bbox 1993 3667 2099 3708; x_wconf 62' lang='lat' dir='ltr'>m</span> <span class='ocrx_word' id='word_1_292' title='bbox 2114 3650 2205 3707; x_wconf 66' lang='lat'>‘⁰¹⁸</span> <span class='ocrx_word' id='word_1_293' title='bbox 2222 3649 2467 3706; x_wconf 51' lang='lat' dir='ltr'>‘m</span> 
     </span>
    </p>
   </div>
   <div class='ocr_carea' id='block_1_3' title="bbox 422 3785 2477 3909">
    <p class='ocr_par' dir='ltr' id='par_1_3' title="bbox 422 3785 2477 3909">
     <span class='ocr_line' id='line_1_36' title="bbox 422 3785 2477 3909; baseline 0.002 -73"><span class='ocrx_word' id='word_1_294' title='bbox 422 3786 505 3859; x_wconf 78' lang='lat' dir='ltr'>qui</span> <span class='ocrx_word' id='word_1_295' title='bbox 530 3785 633 3840; x_wconf 76' lang='lat' dir='ltr'>illas</span> <span class='ocrx_word' id='word_1_296' title='bbox 662 3785 892 3859; x_wconf 75' lang='lat' dir='ltr'>nymphas</span> <span class='ocrx_word' id='word_1_297' title='bbox 916 3803 1030 3857; x_wconf 81' lang='lat' dir='ltr'>quas</span> <span class='ocrx_word' id='word_1_298' title='bbox 1060 3802 1278 3856; x_wconf 71' lang='lat' dir='ltr'>putavere</span> <span class='ocrx_word' id='word_1_299' title='bbox 1305 3800 1414 3841; x_wconf 77' lang='lat' dir='ltr'>cum</span> <span class='ocrx_word' id='word_1_300' title='bbox 2330 3868 2357 3906; x_wconf 52' lang='grc' dir='ltr'><strong>ι</strong></span> <span class='ocrx_word' id='word_1_301' title='bbox 2392 3860 2477 3909; x_wconf 60' lang='grc' dir='ltr'>ω</span> 
     </span>
    </p>
   </div>
  </div>
 </body>
</html>
