2738 4475
358 206 371 218 ι
462 249 612 328 45²
969 226 2062 309 ennom-sumtu

466 351 620 425 dem
639 352 916 454 ingeniis
934 355 1224 441 demiffas
1240 352 1365 427 efl'e
1383 356 1583 450 ajunt.
1633 356 1946 430 Virorum
1963 357 2036 429 in
2052 352 2118 429 se
2132 351 2522 429 benevolen-

475 455 635 525 tiam
653 479 732 526 εκ
752 456 1084 530 verberum
1101 480 1372 530 numero
1394 453 1709 530 aestimant
1730 483 1749 526 ε
1803 481 2139 556 nunquam
2164 457 2382 529 melius
2404 456 2519 526 suo

470 552 714 649 judicio
738 553 969 628 habitae
986 582 1177 655 quam
1198 580 1345 630 cum
1364 558 1433 629 in
1451 554 1611 630 saeva
1624 557 1886 655 ingenia
1903 556 2282 629 inciderunt.
2312 557 2513 648 ,Qi-

472 650 620 724 dam
641 653 676 723 ὲ
700 651 1054 727 Germania
1078 659 1143 727 in
1163 656 1568 730 Moscoviam
1585 657 1973 755 migraverat
1995 699 2019 735 ,
2041 657 2142 727 vir
2161 655 2194 728 ὲ
2213 655 2422 754 plebe,
2442 663 2513 729 δι’.

473 750 522 829 fi
555 777 798 824 nomen
834 756 902 825 in
936 752 1184 829 tantilla
1200 782 1270 829 re
1286 759 1499 854 placet
1515 807 1540 842 ,
1580 756 1880 828 Iordanes
1899 753 2257 827 dicebatur.
2305 756 2513 830 Haefie

469 843 633 951 ergo
651 854 716 923 in
737 855 843 926 illa
860 857 1128 956 regione
1144 912 1164 941 ,
1204 863 1271 928 δι
1312 881 1461 929 cum
1495 854 1612 927 fibi
1627 880 1718 927 eae
1734 850 1904 926 sedes
1924 857 2267 952 placerent
2291 901 2316 938 ‚
2363 854 2511 928 inde

469 955 667 1026 etiam
688 951 871 1027 duxit
894 980 1179 1028 uxorem.
1235 960 1432 1029 Hanc
1453 981 1599 1027 cum
1620 954 1871 1026 charam
1888 953 2174 1037 haberet,
2193 952 2524 1028 omnibus·

470 1077 598 1152 que
612 1050 847 1126 officiis
865 1080 1146 1128 mutuam
1168 1057 1440 1155 gratiam
1457 1045 1811 1135 affefiaret‚
1833 1056 1936 1125 illa
1954 1050 2236 1145 dejeetis'
2248 1055 2522 1126 lumini·

470 1152 587 1223 bus
608 1152 841 1225 moesta
858 1201 881 1237 ,
924 1154 1148 1227 crebro
1166 1158 1235 1225 in
1257 1152 1631 1253 fingultibus
1650 1163 1718 1229 δι
1740 1154 1977 1226 caeteris
1999 1154 2349 1225 moerentis
2369 1156 2519 1225 ani-

470 1254 564 1331 mi
582 1252 834 1325 indiciis
853 1275 1005 1326 erat.
1041 1255 1209 1328 Viro
1228 1252 1507 1355 denique
1520 1251 1860 1328 sciscitanti
1882 1250 2205 1326 moestitiae
2226 1248 2521 1345 causam3

466 1347 533 1421 se
571 1355 744 1424 enim
784 1355 970 1443 nullis
1002 1353 1177 1453 quod
1215 1353 1406 1426 sciret
1445 1356 1741 1428 amicitiae
1781 1351 2142 1428 muneribus
2190 1346 2462 1424 defuiffe
2483 1380 2511 1438 3

472 1451 657 1539 Qid
675 1473 766 1536 tu,
788 1452 996 1552 inquit
1017 1453 1272 1538 mulier,
1291 1474 1428 1526 tam
1448 1456 1718 1555 egregie
1738 1452 1933 1554 fingis
1953 1449 2279 1526 amorem?
2315 1453 2507 1525 Num

347 1601 359 1614 .
467 1550 649 1649 putas
673 1552 868 1626 latere
885 1576 997 1648 me
1010 1578 1203 1651 quam
1223 1552 1346 1625 tibi
1368 1554 1513 1627 vilis
1533 1555 1652 1627 lim
1674 1561 1705 1625 ?
1749 1553 2059 1654 simulque
2073 1554 2281 1651 largos
2300 1552 2505 1652 gerni·-

466 1670 565 1723 tus
584 1651 790 1749 coepit
806 1650 1154 1725 effundere.
1194 1656 1316 1726 Ille
1337 1653 1761 1740 attonitu3,in
1783 1658 2115 1774 amplexus
2132 1671 2522 1727 moerentem

467 1753 737 1849 recepit,
756 1777 831 1823 ro
879 1776 981 1824 are
1001 1751 1434 1852 perseverans,
1453 1754 1756 1854 nunquid
1779 1779 1928 1829 eam
1949 1752 2311 1827 offendisset
2331 1780 2353 1839 3
2375 1775 2528 1848 pec-

467 1849 700 1925 caviffe
717 1913 719 1917 ,
734 1848 801 1924 se
862 1850 1099 1924 orfitan
1121 1901 1149 1938 ,
1193 1849 1301 1925 sed
1343 1854 1601 1953 culpam
1635 1856 2101 1927 emendatione
2123 1850 2517 1936 deleturum.

471 1952 586 2027 Ad
603 1951 739 2025 haec
756 1953 1033 2034 illa‚Ubi
1050 1975 1261 2027 autem
1277 1949 1426 2025 sunt
1445 1952 1735 2034 verbera,
1754 1955 1989 2051 inquit,
2009 1949 2231 2051 quibus
2249 1971 2317 2020 te
2333 1973 2518 2021 ama-

476 2075 546 2124 re
564 2050 863 2129 docuisti?
882 2052 1007 2124 hoc
1026 2074 1204 2126 certe
1223 2053 1616 2152 potiffimum
1644 2057 1850 2147 ραξὶο,
1876 2053 2242 2123 maritorum
2262 2049 2331 2119 in
2349 2073 2524 2118 uxo-

475 2175 574 2222 res
592 2152 756 2247 apud
775 2176 893 2222 nos
911 2151 1363 2225 benevolentia
1391 2163 1453 2225 Se
1479 2179 1612 2223 cura
1632 2153 1920 2226 sancitur.
1974 2153 2129 2223 Hoc
2169 2148 2208 2219 ὲ
2233 2148 2525 2246 Iordane

475 2249 735 2336 audito,
768 2252 1047 2350 primum
1081 2251 1301 2350 stupor
1327 2255 1632 2324 continuit
1652 2249 1842 2322 risum
1868 2276 1890 2334 ;
1930 2275 2084 2320 mox
2105 2271 2392 2347 utroque
2413 2273 2529 2320 va-

473 2344 800 2431 nescente,
821 2352 857 2424 ὲ
875 2377 945 2425 re
962 2352 1064 2423 sua
1080 2348 1205 2426 effe
1221 2356 1461 2452 putavit
1481 2404 1501 2438 ,
1527 2376 1589 2422 ut
1612 2378 1876 2422 uxorem
1900 2375 1979 2422 eo
1999 2349 2212 2421 modo
2226 2347 2520 2432 haberet,

474 2474 672 2548 quem
692 2448 822 2550 ipsa
842 2449 1298 2553 praescripserat
1321 2484 1343 2542 ;
1397 2480 1514 2525 nec
1534 2458 1737 2526 multo
1753 2450 1901 2549 post
1920 2449 2190 2550 arripuit
2203 2446 2525 2520 caedendae

476 2550 762 2623 mulieris
782 2549 1027 2627 causam
1051 2582 1071 2627 ε
1126 2562 1195 2628 &
1229 2553 1340 2625 illa
1375 2549 1641 2624 fiastibus
1674 2552 1971 2652 mitigata
1990 2604 2013 2637 ‚
2060 2572 2202 2622 tum
2240 2550 2519 2646 primum

476 2647 649 2727 bona
683 2650 815 2724 fide
852 2679 1059 2727 amare
1097 2662 1164 2727 &
1204 2656 1418 2726 colere
1452 2653 1660 2726 virum
1702 2654 1939 2750 coepit.
2013 2652 2165 2724 Nec
2186 2648 2396 2719 tenuit
2410 2648 2523 2718 ille

476 2747 742 2821 modum
765 2801 790 2836 ,
824 2748 929 2822 sed
950 2755 1077 2844 jam
1098 2748 1293 2824 ferior
1312 2776 1510 2851 quam
1531 2751 1761 2825 misera
1782 2752 2062 2844 conjunx
2077 2744 2352 2847 optasset
2371 2792 2397 2827 ‚
2441 2744 2523 2821 ad

475 2866 834 2919 extremum
871 2850 1095 2943 grandi
1134 2854 1269 2924 ictu
1308 2851 1544 2924 dicitur
1580 2850 1765 2948 hujus
1805 2854 1995 2926 etiam
2024 2871 2200 2921 crura
2221 2851 2291 2917 &
2309 2846 2515 2918 cervi-

477 2967 624 3016 cem
654 2944 958 3022 afflixisse.

579 3051 595 3082 ¹
619 3049 992 3132 Germania,
1015 3076 1138 3150 qua
1156 3050 1415 3123 Baltico
1430 3051 1684 3122 alluitur
1702 3047 1855 3125 mari
1873 3094 1896 3130 ‚
1914 3041 2259 3121 Cimbricae
2283 3041 2519 3215 {lbexj

2312 3168 2450 3216 one
2475 3167 2526 3213 o

548 3273 572 3307 1
605 3266 855 3321 Gen-ania,
869 3282 953 3332 qua
966 3268 1120 3314 Btdtt'co
1136 3262 1316 3314 alluitur
1328 3264 1460 3320 mari,
1539 3258 1685 3318 libus,
1701 3264 1763 3313 nd
1772 3278 1892 3332 qnos
1908 3259 2057 3329 Regni
2069 3258 2282 3326 tegimen
2293 3254 2529 3307 h²&enoe

478 3326 698 3378 Cinhricae
741 3332 982 3398 Chefinesb
1018 3333 1193 3396 confinis
1218 3333 1320 3396 eil-J
1360 3337 1465 3380 Hac
1536 3327 1843 3390 referebatur,
1857 3331 2048 3380 tandem
2062 3329 2248 3378 eveQua
2262 3324 2352 3377 est.
2380 3327 2530 3375 Clau·

475 3393 718 3450 peninsula
732 3429 751 3455 ,
781 3415 880 3464 qux
896 3403 1015 3452 olim
1030 3399 1338 3451 Cimbrorum
1352 3397 1467 3455 fuit,
1534 3395 1624 3446 stra
1652 3397 1791 3449 habet
1823 3401 1978 3450 nani:
2005 3396 2067 3446 ab
2082 3397 2327 3462 Aquilone
2343 3396 2394 3445 δι
2409 3399 2533 3444 orm

477 3455 797 3535 {rodienania
812 3467 983 3518 dicitur
996 3503 1019 3530 ‚
1052 3485 1147 3536 qux
1178 3483 1285 3518 curn
1301 3468 1464 3517 ceretis
1534 3481 1662 3516 mare
1697 3468 1928 3518 Balticum
1957 3469 2009 3516 &
2043 3464 2199 3516 finum
2226 3463 2531 3518 Bothnimm.

478 3523 640 3578 insulis
666 3533 985 3590 adiacentibus
1015 3537 1192 3586 ditioni
1212 3536 1350 3601 Regis
1366 3540 1464 3584 Da·
1531 3533 1588 3582 ad
1620 3532 1848 3584 Occasum
1881 3535 2059 3586 oce-ni
2090 3531 2309 3585 fluffibus
2324 3532 2531 3581 alluitur.

483 3609 655 3648 norum
673 3598 870 3660 subiecta
885 3604 970 3663 est,
985 3607 1064 3673 qui
1080 3619 1225 3670 nuper
1241 3600 1466 3669 suffragiis
1531 3600 1610 3650 Ab
1624 3600 1795 3652 Austro
1807 3618 1924 3653 vtro
1937 3600 2162 3653 Holstino
2194 3602 2448 3653 comitam
2481 3601 2541 3649 δι

481 3664 760 3719 evehebatur
774 3670 830 3719 ad
851 3667 1019 3723 solium
1037 3691 1051 3722 ε
1088 3673 1177 3723 hoc
1192 3684 1353 3720 tamen
1381 3685 1468 3720 an·
1531 3667 1740 3725 Holsatia
1754 3671 1998 3736 clauditur.
2030 3672 2239 3736 Juttiam
2256 3669 2402 3719 hodie
2415 3668 2539 3717 hane

479 3745 549 3780 no
578 3733 717 3785 1661.
758 3754 849 3788 una
878 3737 1273 3792 consentientibus
1301 3739 1463 3804 populi
1533 3743 1779 3791 Danomm
1800 3741 1942 3805 Regis
1958 3738 2219 3796 ditionem,
2241 3735 2410 3787 urbem
2423 3750 2546 3786 vem

478 3802 533 3854 &
550 3804 660 3856 cleri
672 3805 798 3858 votis
816 3840 833 3867 ,
863 3809 975 3862 licet
1004 3804 1305 3864 tementibus
1323 3804 1468 3858 nobi·
1523 3808 1673 3859 totius
1691 3807 1823 3877 regni
1838 3819 1974 3875 caput
1989 3807 2543 3874 Hafniamjvulgocop·

2275 3873 2535 3944 ptumum
