2738 4475
889 220 942 296 P
1049 245 1103 294 n
1185 243 1246 296 n
1348 246 1385 298 a
1508 228 1679 299 ΠΙ.
2080 226 2250 317 3οᾲ

199 347 279 424 'ne
297 371 536 428 vexant.
569 350 838 426 Audeat
853 375 1109 451 quoque
1132 349 1853 451 Regibus-componere
1875 347 1976 422 sua
1993 349 2243 439 edieca,

199 459 263 530 ὃ(
280 480 465 552 quam
483 455 632 526 vi-tae
649 454 965 524 rationem
986 449 1290 549 probent,
1308 452 1582 520 inimica
1593 448 1907 548 potestate
1926 452 2238 550 praecipe-

196 575 284 623 re.
299 558 475 623 Inter
491 551 662 634 haec,
677 553 989 625 modestia
1011 561 1076 624 &
1104 550 1385 620 hilaritas
1408 548 1489 619 de
1512 546 2001 621 tumescentibus
2027 552 2236 649 exigi-

195 668 298 720 tur
317 648 1106 750 scriptis,quae'libertatem
1126 647 1273 745 styli
1303 647 1417 721 fibi
1438 650 1635 719 multa
1654 651 2090 747 permittentis
2112 675 2233 746 po-

197 747 508 822 tiffimum
540 750 1013 823 commendant.
1069 752 1248 821 Nam
1268 769 1336 817 ut
1355 745 1664 819 immensa
1689 756 1752 821 &
1775 750 1981 820 inanis
2003 750 2244 848 loqua-

203 846 360 918 citas
397 849 584 919 nullis
623 846 792 921 ser-iis
809 850 1255 922 condientium
1276 843 1425 917 risus
1453 846 1781 944 probatur,
1809 850 2001 920 etiam
2021 849 2087 920 in
2108 857 2238 922 Pa-

196 947 515 1019 rafitorum
546 949 834 1022 vilissima
857 945 1048 1020 fame:
1072 949 1160 1018 ita
1179 970 1299 1017 nec
1321 948 1564 1019 victura
1586 968 1695 1016 aut
1711 943 2030 1043 profutura
2049 948 2244 1020 cavi}-

190 1044 348 1117 latio
365 1094 386 1129 ‚
429 1071 732 1146 perpetua
768 1048 1076 1147 sapientia
1107 1045 1299 1117 debet
1319 1044 1443 1116 ess'e
1465 1044 1700 1117 invisa:
1748 1048 1921 1118 Cum
1940 1068 2238 1144 oporteat

187 1170 452 1218 omnem
470 1152 756 1247 satyram
778 1171 884 1219 aut
906 1147 1155 1222 veniam
1173 1145 1405 1216 habere
1427 1143 1763 1226 modestia,
1785 1169 1889 1216 aut
1907 1147 2238 1244 lepiditate
2335 1202 2339 1205 .

185 1249 444 1319 mereri.
496 1250 593 1322 Sit
614 1251 810 1347 igitur
827 1297 849 1329 ,
884 1270 952 1319 ut
970 1245 1187 1346 prosit,
1212 1247 1354 1314 altis
1374 1240 1634 1340 quidem
1655 1243 2241 1345 verisque’querelis

186 1342 523 1444 conspersa
544 1353 611 1419 ὅτ
633 1351 825 1444 plena
844 1349 1209 1424 comitatis,
1247 1366 1316 1413 ut
1334 1344 1992 1445 dele&ee‚magisque
2014 1346 2123 1416 suo
2140 1343 2241 1417 se-

180 1446 336 1514 culo
370 1453 442 1517 δε
477 1445 654 1517 vitiis
676 1470 870 1541 quam
888 1443 1258 1513 hominibus
1274 1439 1585 1513 irascatur.
1645 1452 1662 1479 ¹
1680 1448 1922 1543 Neque
1940 1448 2113 1518 enim
2134 1463 2243 1514 aut

181 1543 717 1613 Tarentinorum
747 1542 1085 1638 quisquam
1122 1542 1381 1612 Metoni
1416 1538 1693 1610 offensus
1725 1541 1821 1612 est
1857 1545 1928 1614 in
1960 1569 2243 1616 errorem

183 1640 486 1709 civitatis
501 1638 581 1709 ad
602 1640 828 1737 Pyrrhi
847 1640 1071 1710 auxilia
1091 1637 1406 1710 conversae
1423 1639 1816 1729 ludenti3aut
1831 1643 2057 1716 lenitas
2077 1646 2252 1714 Bru-

178 1740 235 1810 zi
256 1760 514 1810 trucem
535 1738 766 1810 Fannii
781 1737 1140 1812 libertatem
1163 1737 1431 1811 admisit.

293 1839 508 1938 Igitur
524 1838 827 1910 Galliain
848 1836 1409 1910 infinita-libertate
1424 1836 1741 1910 scribendi
1763 1839 2041 1940 indignis
2065 1848 2131 1914 &
2156 1835 2259 1911 fe-

176 1937 416 2009 licibus
439 1938 680 2035 Satyris
697 1937 980 2008 exundat
997 1996 1019 2023 ‚
1043 1939 1193 2009 dum
1215 1940 1430 2009 omnis
1449 1940 1705 2045 generis
1726 1941 1987 2039 ingenia
2007 1942 2253 2011 velim-

121 2117 124 2118 *
182 2038 567 2136 patientiam
607 2034 764 2108 risus
800 2061 915 2135 per
947 2035 1084 2109 haec
1101 2036 1373 2107 ludibria
1384 2038 1724 2108 oflendunt
1741 2087 1767 2122 ,
1807 2042 1905 2110 vel
1926 2061 2255 2110 rumorem

185 2136 476 2208 subeunti
507 2136 769 2208 invidiae
807 2138 1066 2227 levant3
1109 2138 1308 2207 etiam
1327 2156 1463 2208 tum
1485 2123 1837 2232 prudentiae
1855 2139 2249 2237 applaudunt

187 2263 385 2336 quam
406 2235 516 2307 fibi
531 2234 832 2310 affluxere
855 2266 873 2309 z
916 2234 1170 2335 peffimi
1189 2257 1409 2308 autem
1426 2237 1528 2308 vel
1549 2231 1815 2309 fortunae
1832 2235 1950 2310 suae
1967 2240 2245 2311 crimine

188 2333 491 2407 omnibus
526 2336 705 2417 irati,
746 2337 857 2409 vel
894 2336 1300 2435 malignitate
1330 2336 1551 2406 livoris
1590 2332 1786 2433 ipsam
1811 2337 2258 2409 maledicendi-

191 2437 596 2531 voluptatem
613 2430 862 2505 satiant.
913 2439 1064 2507 Hos
1082 2459 1295 2507 mores
1316 2435 1522 2533 polita
1538 2432 1871 2531 disciplina
1889 2483 1912 2517 ,
1948 2443 2014 2507 ἃ
2038 2438 2106 2506 in
2125 2434 2253 2504 hu-

200 2530 558 2604 maniffima
572 2530 830 2628 quidem
846 2535 1275 2630 gente‚palam
1294 2531 1464 2605 ulcis
1454 2533 1623 2617 ci‚an
1643 2534 1885 2631 opertis
1900 2534 2103 2604 oculis
2124 2529 2257 2602 dif-

197 2630 493 2704 srmulare
507 2627 736 2700 debeat
758 2676 780 2710 ,
804 2630 854 2702 st
958 2632 1011 2700 is
1028 2654 1284 2730 quaeret,
1307 2634 1586 2731 primum
1607 2629 1788 2718 sciat,
1805 2633 1964 2704 coeli
1984 2631 2250 2734 quidem

203 2738 275 2804 ec
313 2749 630 2800 terrarum
667 2731 842 2801 velut
937 2752 1001 2801 ta
1020 2777 1059 2814 ‚.
1075 2756 1204 2802 non
1222 2733 1521 2804 arborum·
1538 2731 1740 2804 modo
1755 2755 1860 2804 aut
1875 2733 2247 2806 animalium

199 2853 440 2931 genera
476 2853 601 2927 pro
619 2830 955 2929 regionum
978 2828 1353 2904 conditione
1377 2834 1542 2903 varia
1565 2831 1721 2917 effe,
1764 2831 1867 2905 sed
1891 2842 1956 2908 &
1976 2835 2045 2906 in
2069 2858 2251 2906 mor-

196 2932 512 3001 talitatem
531 2930 807 3002 valentia
829 2926 1108 3001 nostram
1124 2977 1147 3013 ‚
1166 2933 1346 3002 vario
1363 2939 1430 3006 δε
1448 2931 1733 3005 diffimili
1748 2931 1982 3005 affefiffl
2001 2934 2250 3005 incola-

197 3055 339 3100 rum
363 3028 613 3100 animos
630 3026 1097 3126 temperaviffe.
1131 3029 1260 3104 Sub
1279 3031 1406 3103 hoc
1431 3034 1609 3102 coelo
1630 3031 1870 3103 subtilis
1893 3037 1960 3102 &
1986 3031 2146 3103 saeva
2162 3030 2253 3097 ti·-

194 3127 456 3203 miditas
471 3128 742 3213 videtur,
759 3128 869 3201 sub
886 3127 1013 3200 hoc
1032 3155 1246 3202 aurem
1264 3128 1478 3202 insana
1497 3138 1563 3201 δι
1585 3128 1711 3199 sese
1731 3127 2128 3225 profundens
2147 3146 2252 3198 te·-

190 3226 457 3302 meritas
478 3224 664 3299 nasci:
686 3230 1040 3300 reverentia
1061 3231 1584 3327 Principum‚,aut
1602 3228 1827 3298 odium
1847 3228 2065 3326 legum
2089 3275 2112 3311 ‚
2132 3252 2248 3300 vea-

191 3325 531 3426 &igalium
561 3352 812 3427 quoque
846 3329 1152 3428 patientia
1170 3384 1195 3414 ,
1237 3330 1339 3399 vel
1380 3322 1543 3398 infra
1577 3327 1905 3399 avaritiam
1927 3324 2252 3429 sanguinis

187 3423 283 3498 *sui
316 3449 487 3497 cura.
543 3430 696 3499 Nec
734 3429 893 3498 ullus
923 3426 1020 3499 est
1054 3426 1473 3499 humanarum
1495 3428 1813 3498 mentium
1835 3421 2099 3499 affefibus
2132 3427 2250 3529 qui

187 3550 330 3599 non
364 3526 642 3626 aliquem
697 3525 902 3601 Orbis
955 3528 1173 3600 locum
1213 3526 1531 3624 praecipua
1565 3526 1885 3626 religione
1920 3524 2253 3600 invaserit..

2061 3629 2246 3700 Huic

283 3758 290 3767 ·
324 3731 497 3794 ¹2⁴(eqne
522 3730 637 3776 enim
661 3740 737 3779 aue
766 3724 1287 3791 Tarembnrm,.&r.]
1324 3722 1443 3778 Vide
1465 3723 1674 3779 minium
1705 3725 1766 3776 &-
1785 3728 2030 3779 Amnum
2051 3729 2247 3779 Hom

190 3741 336 3863 &ilde
349 3795 531 3867 Pyrrho
562 3797 753 3851 ltaliam
787 3794 1022 3864 ”fimet
1588 3867 1642 3916 v*
1668 3875 1705 3930 3
2088 3872 2114 3910 ι
2145 3863 2262 3907 ενοι
