2738 4475
454 261 620 343 ²5⁰²
988 246 1511 318 Evaunum,
1570 247 2080 321 Sarvnrcr

471 395 484 402 ·
520 372 652 464 *Ae
695 385 762 438 ut
783 359 1263 463 Philosophiam
1288 362 1351 438 se
1376 370 1439 438 in
1458 362 1576 438 suis
1598 367 1852 440 latebris
1877 367 2287 468 plangentem
2307 374 2521 447 relin-

448 481 755 566 quamus3
791 465 947 564 quid
965 467 1132 537 aliud
1153 465 1246 537 est
1267 468 1621 540 Historiam
1641 465 1851 540 facere
1870 519 1891 555 ,
1932 493 2120 567 quam
2139 492 2347 541 rerum
2370 497 2503 571 ge-

446 568 680 639 starum
717 585 983 637 eventus
1005 586 1197 664 atque
1217 561 1428 637 causas
1451 567 1745 666 prudenti
1763 569 2190 666 explicatione
2208 576 2492 643 narrate?

445 685 551 737 aut
570 661 902 765 quomodo
917 661 1234 736 sufficient
1254 666 1348 736 illi
1369 668 1639 749 muneri,
1658 694 1789 768 quo
1806 666 2070 765 posteris
2094 668 2336 740 nullum
2355 696 2494 744 ma·

440 768 540 862 jus
560 763 896 835 tribuimus
915 811 941 850 ,
959 764 1263 836 homines
1283 767 1567 864 imperiti
1585 793 1794 839 rerum
1814 769 2123 852 civilium,
2149 770 2260 867 qui
2284 794 2503 870 neque

439 860 607 936 astus
623 859 877 936 suorum
893 884 1263 962 temporum
1280 867 1679 967 intelligunt,
1700 874 1763 940 &
1782 866 2050 968 ignobili
2066 868 2280 940 studio
2295 868 2499 960 duni,

415 1015 418 1018 ι
446 986 659 1062 neque
699 964 874 1061 pacis
892 989 1101 1066 neque
1117 963 1268 1035 belli
1287 966 1551 1064 genium
1571 968 1928 1039 noverunt?
1956 970 2186 1040 Nemo
2208 995 2331 1067 pro
2347 971 2504 1070 dig-

445 1064 666 1135 nitate·
685 1061 1044 1137 Historiam
1063 1088 1419 1161 componet
1439 1119 1454 1144 ‚
1491 1066 1666 1156 cujus
1685 1067 1935 1138 indoles
1952 1091 2083 1136 non
2102 1065 2177 1137 fit
2195 1091 2337 1165 apta
2358 1115 2381 1150 ‚
2417 1094 2494 1140 ea

443 1187 706 1262 quoque
742 1186 965 1262 gerere
981 1188 1121 1261 quae
1145 1162 1453 1237 Historici
1474 1161 1852 1236 describunt.
1912 1168 2111 1238 Nunc
2134 1164 2276 1238 satis
2294 1165 2389 1239 est
2410 1167 2490 1240 ad

442 1285 586 1332 eam
627 1260 1042 1355 scriptionem
1075 1264 1439 1335 orationem
1472 1262 1867 1360 ineptissime
1889 1262 2117 1336 tersam
2139 1291 2284 1337 cum
2309 1292 2495 1339 men-

446 1359 646 1431 daciis
682 1360 926 1434 afferre.
987 1362 1166 1451 Quid
1185 1360 1280 1434 est
1298 1363 1573 1463 denique
1594 1363 1836 1447 poesis,
1855 1363 1970 1433 nisi
1994 1365 2135 1436 viva
2151 1363 2501 1464 descriptio

448 1457 792 1558 affedstuum
812 1457 1138 1540 tuiseculi,
1157 1487 1320 1562 quos
1339 1485 1586 1535 tanturn
1603 1489 1681 1536 ex
1698 1464 1965 1536 aliorum
1987 1461 2312 1537 consortio
2331 1489 2364 1535 c
2457 1503 2495 1522 υ

447 1555 721 1633 nosces?
757 1561 967 1633 Unde
1002 1563 1206 1661 polita
1243 1560 1558 1636 confeffio
1589 1567 1824 1636 amoris
1844 1614 1869 1648 2
1916 1565 2018 1633 vel
2051 1564 2341 1663 generosi
2356 1590 2399 1634 o
2445 1564 2496 1635 ii

410 1657 427 1673 '
454 1683 638 1758 paene
660 1661 816 1731 irata
837 1656 1182 1762 descriptio
1202 1695 1226 1756 3
1260 1689 1401 1760 quae
1422 1661 1603 1763 prisci
1629 1662 1817 1736 seculi
1836 1666 2056 1736 Poetis
2075 1664 2278 1735 adhuc
2296 1663 2500 1737 hodie

451 1760 558 1832 vel
581 1757 1077 1836 misericordiam
1096 1763 1483 1843 conciliant,
1515 1764 1615 1834 vel
1642 1760 1944 1836 favorem.
2001 1765 2199 1833 Nunc
2224 1765 2492 1859 quicun-

453 1884 581 1959 que
618 1859 761 1958 post
796 1860 1079 1934 insanam
1115 1863 1464 1931 lestionem
1505 1865 1846 1931 Poe-'tarum
1868 1862 2185 1928 tumentia
2211 1860 2402 1950 verba
2427 1864 2497 1932 in

452 1959 750 2030 ordinem
770 1961 1304 2058 componunt‚aut
1321 1955 1651 2027 vetustatis
1672 1953 1988 2053 ignobiles
2009 1955 2163 2021 ritus
2179 1956 2308 2042 jam
2324 1960 2495 2027 olim

449 2056 849 2128 exulantibus
871 2056 1074 2126 verbis
1089 2076 1329 2146 cogunt
1348 2055 1411 2122 in
1431 2049 1807 2135 versum‚illi
1829 2051 2041 2146 utique
2061 2050 2230 2119 inter
2245 2049 2484 2121 destos

448 2152 816 2222 umbratiles
846 2145 986 2220 sunt
1001 2158 1316 2230 Poetaessc
1340 2151 1593 2219 illorum
1616 2150 1778 2219 vitio
1796 2166 2112 2245 quotquot
2131 2147 2200 2217 in
2217 2171 2360 2219 eam
2381 2173 2486 2220 ar·-

444 2272 580 2320 tem
601 2250 884 2320 nituntur
899 2304 922 2334 ‚
957 2250 1128 2324 velut
1143 2250 1395 2323 ridiculi
1411 2247 1707 2322 homines
1724 2296 1746 2332 ‚
1763 2245 2147 2347 iniquiffima
2165 2249 2487 2347 opinione

444 2349 841 2420 damnantur.
1319 2348 1320 2351 ’

449 2474 471 2484 *
549 2448 722 2539 Qis
740 2443 897 2520 ferat
915 2446 1079 2519 banc
1096 2448 1553 2520 contumeliam
1575 2443 1896 2520 Musarum
1917 2495 1937 2530 ,
1957 2447 2023 2516 in
2040 2471 2301 2545 quarum
2320 2467 2496 2522 tem·

450 2548 575 2648 plis
597 2549 779 2620 multi
799 2548 1061 2649 quidem
1081 2546 1283 2623 insani
1301 2548 1671 2646 concipiunt
1695 2570 1869 2631 vota,
1894 2543 1999 2618 sed
2019 2572 2216 2617 nemo
2230 2548 2299 2618 in
2317 2544 2491 2620 bunc

449 2650 626 2725 'diem
651 2647 763 2721 nist
787 2648 1591 2748 prudentiffimus,litavit?
1627 2647 1818 2720 Nihil
1835 2648 2065 2816 locssuor
2082 2645 2163 2717 de
2185 2643 2495 2745 Iurispru-

409 2820 415 2825 ,
450 2750 668 2821 dentia
687 2792 709 2825 ,
731 2772 813 2818 ne
835 2750 1066 2820 veteris
1085 2747 1784 2821 iracundiaeinlimuler.
1835 2755 1916 2820 Se
1980 2770 2119 2845 quae
2138 2747 2299 2817 olim
2320 2755 2492 2819 Ρα-

450 2865 662 2928 tores,
685 2869 825 2942 quae
846 2843 1192 2916 Praefestos
1214 2849 1503 2919 Praetorii
1522 2895 1544 2930 ‚
1584 2874 1728 2945 quae
1747 2846 2069 2940 Principes
2093 2844 2311 2914 habuit
2331 2869 2489 2914 con·

447 2940 690 3015 ditores
706 2987 734 3022 ‚.
747 2943 855 3014 illa
870 2967 1037 3013 nunc
1053 2944 1516 3015 cunabulorum
1536 2947 1917 3043 dignitatem
1934 2966 2100 3039 aegre
2115 2940 2184 3013 in
2206 2940 2491 3013 historiis
2588 2964 2598 2976 ·

448 3038 803 3118 conservat.
843 3044 1007 3116 Non
1028 3042 1252 3111 celabo
1267 3045 1668 3136 juventutem
1691 3038 2065 3113 tutiffimum
2085 3040 2205 3111 iter
2221 3038 2297 3111 ad
2333 3043 2493 3113 Mu-

450 3140 569 3217 sas.
605 3144 900 3238 Qorum
915 3141 1345 3213 eruditionem
1361 3143 1666 3223 imitatur,
1684 3146 2181 3238 eorumquoque
2201 3141 2497 3213 moribus
2523 3188 2528 3193 -

450 3240 937 3343 diligentiffima
968 3242 1378 3315 aemulatione
1412 3239 1650 3312 insistat
1670 3289 1693 3322 .
1745 3259 2051 3337 putetque
2084 3241 2486 3313 Ciceronem

450 3363 563 3431 ¹:uit
589 3350 898 3415 Senecam
949 3343 1127 3441 plura
1153 3343 1220 3413 in
1259 3341 1541 3439 negotiis
1562 3339 1851 3412 civilibus
1868 3334 2170 3409 invenisse
2191 3395 2214 3425 ‚
2252 3342 2477 3439 quibus

450 3442 665 3510 literas
703 3464 956 3512 ornaret
975 3487 999 3523 ,
1040 3467 1232 3540 quam
1250 3442 1316 3510 in
1335 3441 1533 3511 literis
1552 3487 1573 3521 ‚
1596 3465 1736 3539 quat
1757 3438 1832 3508 ad
1848 3435 2195 3515 humanam
2216 3436 2487 3511 consue·

445 3538 715 3610 tudinen
748 3537 1142 3613 transferret.
1208 3540 1447 3614 Nullus
1470 3542 1538 3613 in
1566 3538 1933 3611 Academiis
1968 3535 2166 3611 solide
2204 3538 2489 3613 eruditus·

443 3636 706 3722 evadet,
746 3662 852 3709 aut
869 3667 1020 3712 cum
1037 3640 1488 3740 gladiatoribus
1510 3641 1793 3711 strenuus
1806 3640 2177 3736 imperator.
2490 3720 2495 3725 Ι

463 3762 488 3765 ”
545 3739 750 3840 Igitur
784 3738 920 3815 haec
942 3763 1230 3814 matrona
1251 3787 1276 3825 ,
1317 3740 1502 3812 cuiin
1524 3738 1758 3813 tabella
1775 3738 2071 3835 Scientiae
2099 3745 2166 3813 &
2185 3739 2475 3815 omnium

2274 3829 2490 3910 Musa-
