2738 4475
933 267 981 338 Ρ
1007 285 1014 292 ·
1089 287 1135 334 a
1240 283 1298 335 R
1399 288 1432 335 s
1537 263 1629 336 V.
1897 305 1901 312 ·
2128 266 2269 362 603

395 386 522 446 solis
549 389 670 463 equi
688 424 703 448 .
744 383 950 462 quando
971 380 1237 459 fraternae
1265 382 1513 459 languida
1530 380 1784 458 flammae
2171 396 2174 399 ’

395 475 551 525 Luna
572 465 725 540 fugit
742 501 759 523 2
801 466 1088 538 mer-gitque
1125 461 1275 518 vadis
1308 461 1568 518 ludentia
1595 476 1779 516 contra

401 543 620 602 sidem
665 545 733 609 ό·
745 540 981 614 immensb
1014 541 1181 596 condit
1207 538 1307 615 sua
1336 540 1537 594 lumina
1566 545 1740 595 Ponto.

322 626 443 683 Itur
454 622 523 680 ad
536 622 895 678 constitutum
919 619 1199 693 templum
1222 615 1569 693 sequentibus
1583 613 1930 672 mercenariis
1946 611 2285 684 satellitibus.

238 719 373 759 cum
390 701 524 758 faece
537 698 725 775 populi
745 696 1119 774 prosequentis
1132 695 1536 753 conduffltiam
1555 712 1817 770 pompam
1837 712 1855 755 3
1894 711 2024 769 quoe
2040 694 2137 750 ubi
2157 695 2282 770 pul-

241 778 525 838 vinaribus
539 776 643 834 sele
658 777 848 834 intulit
864 817 880 844 ‚
916 774 1070 833 ursus
1103 775 1265 831 humi
1297 774 1570 850 projeetus
1598 771 1839 831 adoravit
1867 774 2149 848 Geryonis
2182 775 2283 832 sta-

237 872 395 915 tuam
416 859 512 924 „dt
529 869 722 914 votum
737 856 887 932 quod
905 854 1024 930 spes
1036 852 1297 912 incitabat
1311 870 1408 928 per
1424 865 1510 909 tot
1526 847 1764 928 pericula
1776 853 2087 910 constanter
2103 849 2282 910 serva-

237 949 367 994 tum
385 935 623 993 fortunae
639 938 775 992 tanti
794 935 1040 991 numinis
1057 930 1333 1008 persolvit.
1434 969 1443 978 .

328 1015 429 1071 Per
445 1027 500 1070 te
516 1032 623 1092 ego
640 1013 1011 1071 foecundiores
1028 1008 1324 1068 Amaltheo
1337 1026 1515 1067 cornu
1531 1008 1775 1066 dexteras
1787 1047 1804 1071 ,
1834 1025 1933 1085 per
1945 1009 2157 1067 Dana'e's
2174 1009 2282 1067 im·

241 1091 400 1151 brem
436 1093 697 1168 deprecor
715 1131 732 1157 ‚
762 1112 862 1170 per
895 1089 1083 1148 messes
1109 1107 1294 1147 aureas
1311 1127 1329 1154 ‚
1369 1105 1468 1165 per
1497 1102 1584 1144 tot
1596 1088 1851 1165 exempla
1865 1087 2142 1146 felicitatis
2157 1107 2284 1165 quat

240 1171 480 1229 ubertim
497 1170 644 1229 circa
658 1171 819 1247 pedes
834 1184 958 1228 tuos
972 1166 1325 1303 ruffullulant:
1355 1180 1543 1243 patere
1561 1165 1784 1224 bestiam
1802 1168 1860 1223 in
1878 1164 1985 1223 hoc
2000 1180 2102 1223 tuo
2115 1166 2285 1225 sacra-

237 1251 327 1305 rio
340 1247 619 1307 subsistere
632 1289 650 1314 ,
678 1252 732 1308 δι
749 1251 894 1307 inter
910 1263 996 1306 tot
1037 1245 1408 1305 amulantium
1426 1262 1620 1324 greges
1638 1244 1825 1302 ursum
1844 1245 2121 1303 numerari
2140 1283 2154 1305 2
2179 1247 2281 1323 qui

239 1329 387 1385 riEtu
402 1342 638 1386 cruento
653 1327 795 1385 nihil
812 1324 911 1386 nisi
923 1325 1301 1385 invidentium
1319 1338 1431 1382 tuae
1446 1324 1634 1401 gloriae
1648 1323 1816 1382 caedes
1825 1323 1989 1401 despu
1997 1324 2169 1382 mabit
2179 1362 2196 1383 ‚
2222 1328 2282 1384 δε

235 1406 394 1483 quod
424 1405 519 1463 hic
551 1407 691 1483 apud
719 1424 814 1464 vos
831 1404 1042 1464 nobiles
1055 1404 1305 1462 multum
1320 1401 1766 1461 aestimariintelli
1859 1440 1877 1466 ‚
1905 1403 2002 1479 qui
2020 1402 2285 1479 persas&

239 1483 393 1542 nefas
408 1483 549 1541 iram
565 1499 724 1542 tuam
741 1482 1041 1542 vindicabit
1055 1483 1223 1538 etiam
1241 1482 1612 1538 innocentum
1636 1421 1922 1556 ίυρρῗίἓίἰς.

326 1565 638 1649 Nunquam
655 1561 957 1619 humanior
971 1558 1079 1617 fuit
1093 1561 1325 1634 Geryon
1343 1585 1361 1627 3
1397 1561 1667 1618 continuo
1698 1557 1931 1617 caerulea
1959 1558 2122 1618 fascia
2149 1577 2283 1616 evo-

244 1639 383 1697 lavit
397 1639 458 1696 in
475 1638 833 1715 iupplicantis
849 1637 1048 1695 finum.
1098 1638 1270 1695 Sensit
1287 1636 1439 1695 ursus
1454 1636 1655 1696 divinae
1666 1638 2027 1713 providentia
2043 1639 2284 1695 beatitu-

248 1717 441 1775 dinem
461 1755 478 1781 ,
508 1719 564 1775 δι
593 1714 749 1774 illico
762 1715 993 1793 equestri
1010 1719 1111 1774 tor'
1140 1734 1210 1774 ue
1222 1716 1454 1774 donatus
1470 1714 1702 1780 deseruit
1713 1716 2042 1774 testudinem
2063 1716 2282 1791 templi,

248 1795 413 1852 novis
428 1793 732 1852 honoribus
748 1809 989 1859 tumens,
1003 1800 1081 1859 δε,
1093 1813 1125 1851 a
1177 1796 1495 1853 innocentia
1509 1794 1806 1871 sylvarum,
1822 1793 2103 1872 voluptate
2126 1792 2288 1852 levis·

248 1872 375 1930 fimi
408 1875 657 1931 muneris
684 1886 976 1951 corruptus
990 1912 1008 1940 ,
1038 1874 1101 1932 in
1126 1871 1436 1951 superbiam
1468 1870 1950 1932 &insolescentem
1969 1873 2172 1932 fastum
2190 1874 2284 1930 de-

321 1967 535 2008 nez-ans.

243 1969 455 2086 geDum
472 2027 592 2087 haec
607 2029 931 2108 agebantur,
948 2029 1122 2088 afinus
1133 2028 1165 2087 ὲ
1181 2028 1413 2105 spatiosa
1429 2031 1649 2106 porticu
1665 2028 2143 2106 contemplabatur
2157 2028 2288 2088 scri·-

243 2107 444 2168 barum
464 2107 675 2166 veloces
689 2127 887 2167 manus
903 2147 920 2172 .
936 2108 1055 2185 quis
1076 2107 1320 2165 sedentes
1334 2110 1393 2168 in
1409 2111 1549 2165 atrio
1569 2148 1584 2172 ,
1617 2110 1656 2165 F
1656 2123 1871 2167 ortunae
1885 2110 2109 2187 praemia
2124 2109 2284 2167 variis

245 2184 625 2245 voluminibus
643 2184 951 2247 inserebant
966 2206 979 2243 t
1023 2190 1080 2245 &
1094 2185 1196 2244 alia
1208 2186 1420 2247 omnia,
1438 2187 1621 2265 qualia
1634 2204 1730 2245 om
1738 2189 1797 2246 ni
1803 2205 1876 2244 no
1890 2185 2173 2246 diverfitor
2190 2189 2286 2246 de·

246 2262 539 2339 scripserat.
585 2268 850 2325 Invitatus
864 2265 1121 2323 locorum
1136 2263 1428 2341 splendore
1440 2303 1460 2330 ‚
1492 2272 1548 2325 &
1578 2264 1916 2342 proles-:tante
1946 2263 2037 2343 spe
2051 2268 2281 2343 optimae

245 2341 563 2401 hereditatis
591 2364 759 2421 quam
772 2345 892 2420 jam
908 2345 1109 2401 tacitus
1125 2341 1441 2403 devorabat,
1458 2346 1681 2418 propius
1696 2343 1907 2402 accesfit
1922 2368 1941 2411 3
1958 2362 2094 2403 mox
2112 2345 2282 2422 paulo

252 2419 513 2479 fidentior
530 2460 546 2484 ‚
580 2423 722 2479 intra
735 2423 908 2479 limen
923 2420 1040 2480 fani
1055 2420 1163 2479 sese
1179 2422 1379 2493 jaciens
1401 2460 1415 2484 ‚
1434 2423 1595 2480 nixus
1610 2423 1893 2496 posteriori
1908 2440 2077 2498 genu,
2097 2425 2283 2498 priore

254 2517 390 2556 vero
403 2498 747 2574 amplexatus
762 2517 908 2556 aram
927 2535 943 2558 .
964 2498 1036 2555 fic
1054 2500 1394 2574 adprecatur.
1432 2502 1522 2555 Tu
1537 2503 1636 2575 qui
1652 2502 1946 2556 Parcarum
1974 2498 2082 2563 fila.
2098 2498 2154 2557 &
2167 2502 2284 2559 im:-

251 2579 407 2655 peria
433 2576 682 2635 fatorum
717 2597 821 2653 pro
834 2575 1065 2634 arbitrio
1077 2578 1219 2654 regis
1234 2615 1251 2641 ,
1286 2579 1386 2654 qui
1403 2576 1663 2652 exemplo
1675 2576 1964 2634 crescentis
1974 2577 2128 2653 jovis
2141 2579 2287 2635 inter

251 2654 534 2732 pastorum
553 2654 691 2711 casas
704 2654 961 2712 educatus
975 2669 1266 2729 parentum
1284 2658 1533 2730 inopiam
1550 2654 1690 2731 pene
1709 2655 1920 2730 sceptro
1939 2655 2196 2719 mutasti,
2224 2659 2284 2714 δι

155 2758 176 2788 s
255 2749 407 2791 nunc
420 2730 823 2789 benefaCtorem
840 2735 1133 2790 Saturnum
1153 2734 1222 2791 de
1237 2734 1390 2792 coelo
1404 2733 1695 2791 deturbare
1710 2733 1951 2811 cogitas3
1982 2735 2071 2791 Tu
2104 2733 2200 2809 qui
2220 2733 2289 2792 li·

254 2811 525 2870 bertatem
557 2809 857 2867 hominum
886 2810 1054 2886 longa
1082 2829 1355 2869 annorum
1388 2811 1794 2890 praescriptione
1821 2810 1978 2888 super
2023 2812 2285 2871 animalia

249 2904 449 2949 caetera
479 2886 883 2964 superbientem
918 2888 1129 2947 exitiali
1159 2887 1381 2948 servitio
1408 2893 1645 2967 premis3
1689 2891 1808 2968 Qi
1842 2906 1928 2950 tot
1940 2890 2179 2969 insignes
2191 2892 2286 2949 be·

245 2970 389 3029 stias,
404 2966 506 3025 sub
519 2986 758 3059 quarum
773 2986 942 3059 onere
955 2967 1405 3061 circumJacentia
1419 2969 1711 3028 tribunalia
1724 2982 1963 3049 gemunt
1976 3009 1993 3035 ,
2011 2969 2288 3037 humani·

247 3044 1449 3190 ἓὲἓῖἓζῖῗὲἑαζῇἰᾶῗέᾧῗέῗὲἶῗ
1467 3047 2285 3184 {Riffbeffmmffoess'tssff

114 3249 123 3259 .
247 3205 419 3281 poris,
433 3216 557 3261 tum
578 3204 853 3262 Arcadicis
866 3205 1037 3261 etiam
1055 3202 1409 3281 grandiorem
1425 3203 1634 3261 alinum
1652 3242 1667 3265 ,
1703 3202 1908 3261 ascribe
1924 3204 2285 3261 incultorum

250 3297 486 3339 tuorum
502 3282 699 3359 gaudia
715 3322 733 3348 ,
758 3282 824 3339 ad
837 3301 964 3359 quae
980 3299 1095 3339 non
1111 3282 1288 3340 modo
1304 3281 1355 3340 se
1369 3282 1556 3341 favens
1577 3284 1814 3339 Fortuna
1829 3322 1846 3348 ,
1886 3280 1974 3338 sed
2009 3284 2064 3340 ὃς
2092 3281 2286 3340 homi-

251 3377 397 3420 num
414 3377 638 3436 quoque
650 3359 889 3417 studium
906 3360 1152 3419 inclinat.
2140 3386 2155 3393 -
2242 3388 2251 3393 ·

335 3439 476 3496 Non
503 3436 722 3515 segnius
750 3436 942 3495 dexter
966 3441 1206 3515 Geryon·
1228 3436 1360 3496 asini
1377 3438 1732 3495 devotionem
1750 3449 1935 3515 optata
1948 3438 2109 3496 taenia
2123 3456 2287 3496 com-

248 3516 574 3654 Ρέἓέἒέἷξῶ
581 3514 1848 3653 ῗῖἓὲἓῖῑῖἱῖἓῗαὲῗέἓῖζὲἓῖῒιῗὲηἳῗῐ’Ῡέἓὲἷὲ
1870 3516 2193 3654 b'ffiii'„
2205 3518 2291 3643 ἐξἶ

248 3618 413 3733 {licis
445 3673 826 3729 instrumentis
840 3670 1070 3730 relatum
1090 3675 1165 3730 est
1181 3712 1197 3738 ‚
1231 3614 1472 3730 corJifufis
1488 3613 1759 3730 rud?tibus
1776 3712 1792 3738 ,
1834 3612 1935 3731 mpg
1979 3674 2056 3731 'tu
2078 3713 2094 3735 ‚
2124 3615 2295 3752 atgrec-

248 3752 486 3811 hinnitu
502 3750 800 3807 antistitem
820 3768 1028 3806 novum
1048 3751 1345 3809 salutavere
1365 3776 1384 3819 3
1410 3748 1727 3826 junfflsque
1757 3770 1888 3810 cum
1966 3754 2033 3809 de
2051 3754 2291 3830 peetori-

249 3831 354 3891 bus
370 3870 389 3898 ,
414 3825 781 3890 tumescentia
797 3828 1101 3906 palearibus
1117 3829 1362 3906 perra,
1378 3831 1433 3887 &
1449 3826 1702 3885 osculum
1720 3829 1882 3890 simul
1900 3824 2294 3961 managa-te:
