2738 4475
831 250 904 322 Ρ
1004 271 1055 322 Α
1158 273 1209 326 ιι
1306 275 1340 328 ι
1442 254 1595 342 IV.
2078 251 2228 358 385-

305 372 433 447 Sed
451 394 607 448 mox
622 368 898 446 victores
921 365 1230 446 miscuere
1259 366 1321 445 se
1337 375 1533 448 victae
1550 371 1733 473 genti
1752 418 1777 455 ‚
1808 396 1898 448 ne
1930 393 2066 448 tarn
2083 380 2245 451 Gal·-

200 465 321 545 lias
387 499 535 545 uam
554 476 892 547 Romanos
910 473 977 544 in
995 470 1234 545 Galliis
1253 473 1470 546 viciffe
1488 475 1874 547 viderentur.
1910 477 2059 568 Jam
2082 498 2245 549 vero

204 573 340 646 divi
368 598 421 643 rs
440 574 509 646 in
532 569 755 669 pleros
789 595 866 643 ue
884 571 1217 668 Principes
1235 571 1419 643 terris
1441 617 1465 655 ,
1521 571 1686 670 pene
1717 574 1786 645 in
1802 595 2055 645 tantum
2073 576 2244 648 Gal-

199 672 429 744 liarum
450 695 698 760 nomen
716 697 759 742 o
806 672 970 742 tinet
990 725 1014 756 ,
1053 667 1226 768 quod
1261 669 1329 743 in
1345 670 1424 740 iis
1446 693 1758 769 occupant
1779 671 2044 754 Franci,
2077 697 2242 787 gens

200 770 544 844 virtutibus
564 766 863 870 factisque
883 769 1115 842 eximia
1132 813 1156 851 ,
1187 775 1256 842 &
1277 793 1420 867 quae
1440 772 1670 845 meruit
1687 793 1756 844 ut
1773 796 2132 845 communis
2149 768 2244 845 fa.

201 867 373 944 bulae
412 871 757 942 vanitatem
794 870 874 941 ad
905 866 1025 940 sure
1049 867 1257 966 stirpis
1278 872 1672 966 praeconiurn
1690 871 2044 969 Scriptores
2063 869 2239 945 usur·

201 991 372 1068 pent
387 1025 407 1053 ,
446 969 854 1068 dicanturque
870 965 1305 1062 Trojanorum
1323 969 1608 1068 reliquiae
1628 969 1778 1040 effe.

236 1143 239 1146 ,
276 1136 281 1142 .
310 1073 474 1141 Haec
494 1069 687 1168 igitur
700 1067 993 1141 omniurn
1012 1066 1346 1165 regionum
1364 1113 1388 1148 ‚
1405 1078 1549 1165 qussae
1569 1065 1649 1139 ad
1675 1066 2110 1142 Occidentem
2132 1093 2241 1144 re·

198 1165 516 1246 (efferunt
535 1217 559 1254 ,
592 1162 985 1248 feliciflirna,
1015 1160 1136 1239 soli
1163 1163 1455 1238 bonitate
1484 1189 1635 1243 curn
1668 1166 1896 1242 Genio
1929 1173 1997 1243 &
2018 1168 2245 1265 indole¹

194 1262 558 1358 incolarum
595 1266 888 1340 certavit.

304 1374 490 1466 Ager
504 1366 642 1440 vini
661 1374 727 1439 δι
750 1363 1054 1440 frumenti
1072 1360 1302 1465 paffim
1320 1357 1668 1454 ferax301ea
1678 1388 1936 1468 quoqne
1946 1363 2244 1470 insignis,

202 1470 280 1554 ec
295 1465 601 1544 omnibus
619 1466 833 1561 pomis
852 1489 991 1564 quae
1009 1463 1272 1538 crudum
1302 1464 1514 1537 ae‘rem
1547 1489 1681 1539 non
1714 1461 1969 1561 ferunt3
2014 1470 2126 1566 qui
2159 1468 2246 1545 ad

204 1568 421 1662 Alpes
441 1572 512 1636 δι
538 1560 933 1660 Ligusticum
956 1584 1131 1636 mare
1147 1560 1490 1676 porrigitur
1511 1609 1538 1648 ,
1565 1585 1671 1635 ant
1700 1566 2011 1640 viciniore
2030 1565 2249 1643 Occi-

212 1664 416 1734 dente
452 1659 755 1757 intepuit.
818 1661 972 1732 Nec
1005 1660 1132 1731 ulla
1163 1659 1491 1757 provincia
1505 1661 1574 1733 in
1591 1659 1782 1736 Orbe
1796 1684 2097 1740 terrarum
2118 1671 2246 1768 pro

212 1759 340 1852 suis
358 1756 595 1832 finibus
615 1774 716 1829 tot
736 1756 963 1832 incolis
978 1755 1233 1835 divitias
1250 1757 1530 1834 indulsit.
1560 1758 1761 1834 Adeo
1773 1764 1982 1837 omnis
2043 1764 2256 1838 enerie

210 1861 385 1950 clara
398 1904 422 1942 ,
447 1878 520 1931 ut
536 1877 898 1932 exterorum
916 1877 1341 1932 mercatorum
1358 1860 1751 1937 commercia
1769 1860 1935 1977 pene
1955 1887 1989 1937 a
2052 1859 2266 1954 solam¹

201 1959 608 2060 yoluptatem
625 1954 978 2054 exceperit.
998 1960 1183 2033 Nam
1206 1964 1272 2032 δι
1293 1956 1474 2030 luxus
1491 1954 1882 2059 transalpino
1896 1957 2096 2035 serico
2115 1986 2263 2062 pre·

205 2059 377 2132 cium
417 2052 577 2129 fecit
589 2111 613 2142 ,
650 2062 719 2129 &
753 2049 1022 2128 artificia
1041 2057 1442 2130 Germanica
1457 2060 1834 2157 opulentum
1851 2061 2159 2160 populum
2172 2057 2257 2135 ad

207 2155 576 2258 peregrinas
595 2152 858 2226 delicias
872 2153 1303 2229 adverterunt.
1322 2156 1709 2231 Britannicae
1730 2177 1948 2234 tamen
1970 2156 2255 2249 merces.'

213 2257 405 2333 finon
420 2252 774 2329 necessariis
796 2299 820 2336 ‚
856 2250 1154 2326 utilitatis
1183 2275 1361 2326 certe
1393 2253 1770 2355 pleniffimis
1803 2260 2077 2361 navigiis
2098 2258 2248 2333 sub·-

214 2355 524 2432 vehuntur
544 2402 567 2437 ‚
602 2378 742 2452 quae
779 2352 1048 2451 plumbo
1083 2374 1277 2455 atque
1296 2351 1525 2427 stanno
1542 2401 1566 2439 ,
1598 2354 1792 2440 ubere
1804 2357 2003 2436 etiam
2020 2382 2268 2445 crocos.

208 2477 346 2529 tam
361 2454 748 2554 quotidianis
766 2451 966 2524 usibus
986 2507 1010 2538 ,
1047 2477 1241 2554 quam
1256 2510 1263 2519 .
1280 2454 1492 2525 altiori
1505 2456 1839 2570 elegantia
1858 2455 2270 2530 ministrant-⁵·

214 2554 556 2647 ⁶At‘Gallia
575 2571 803 2649 praeter
816 2547 1041 2622 messes
1061 2606 1085 2636 ,
1123 2550 1352 2651 quibus
1385 2548 1793 2628 solitudinem
1807 2551 2134 2651 Hispaniae
2152 2554 2274 2633 le-ss

213 2672 328 2727 vat
344 2706 366 2735 ,
408 2652 556 2721 vina
586 2650 781 2721 etiarn
800 2649 868 2718 in
884 2644 1288 2749 frigidiorem
1307 2650 1611 2725 viciniam
1627 2647 1976 2751 dispensata
1992 2648 2032 2738 ᾧ·
2047 2651 2253 2727 multa

214 2745 478 2849 carbaso
498 2756 565 2822 &
589 2745 850 2820 cannabi
869 2745 1075 2835 dives,
1089 2748 1423 2823 neceffaria
1442 2745 1754 2868 plerisque
1812 2749 2064 2825 entibus
2083 2751 2258 2836 velas

216 2847 642 2948 rudentesque
660 2901 679 2931 ,
722 2852 790 2921 δι
834 2920 837 2925 ,
871 2868 964 2918 uae
997 2868 1220 2922 caetera
1251 2874 1334 2922 ex
1366 2845 1619 2924 funibus
1652 2874 1721 2924 ιιι
1743 2876 1778 2923 c
1807 2847 2027 2926 affium
2041 2876 2260 2927 arma·

214 2948 454 3023 mentis
475 2946 705 3020 idonea
722 2989 745 3027 ‚
775 2945 843 3018 su
892 2944 1227 3021 ministrat.
1289 2951 1417 3024 His
1438 2957 1506 3027 &
1522 2950 1658 3023 aliis
1681 2948 1933 3025 dotibus
1951 2998 1974 3034 ,
2006 2975 2251 3037 aurum.

217 3046 388 3146 quod
404 3046 474 3118 in
494 3049 673 3119 venis
694 3040 815 3117 suis
836 3045 944 3116 vix
976 3044 1170 3120 habet
1187 3097 1213 3135 ‚
1249 3047 1598 3149 largiffimo
1673 3071 1944 3126 roventu
1977 3047 2252 3145 excipit,

218 3167 290 3217 ut
306 3200 330 3232 ,
351 3147 457 3245 qui
472 3145 628 3217 illud
646 3145 825 3217 anxia
845 3150 913 3217 δι
933 3144 1172 3219 crudeli
1187 3147 1522 3248 diligentia
1536 3172 1575 3219 e
1627 3147 1851 3219 odiunt
1866 3193 1891 3228 ‚
1912 3147 2022 3243 qui
2037 3144 2120 3215 ab
2133 3160 2254 3215 exa

212 3265 433 3318 tremo
450 3243 765 3317 devehunt
786 3245 972 3328 Sole,
1008 3245 1385 3345 plerumque
1405 3245 1733 3321 videantur
1751 3244 2025 3320 Gallica
2047 3238 2257 3340 felici*⁴

206 3342 333 3418 tati
373 3339 682 3414 famulari.
1698 3385 1705 3391 ·

212 3459 229 3468 ’
276 3450 277 3453 ’
314 3442 503 3514 Tam
526 3436 741 3513 diffusa
758 3442 1024 3542 regione
1039 3500 1059 3528 ,
1083 3462 1185 3515 tot
1205 3441 1673 3540 provinciarum
1692 3439 1868 3514 vario
1882 3462 2048 3513 nexu
2063 3442 2262 3516 corn-⁸

209 3539 416 3641 polita
436 3582 461 3620 ,
504 3540 610 3611 vix
638 3538 866 3613 sterilis
904 3562 1013 3613 aut
1043 3541 1269 3619 inculti
1287 3538 1404 3612 soli
1422 3540 1678 3639 glebam
1695 3537 2086 3638 indulgentia
2101 3545 2258 3615 Na·-

209 3656 372 3712 turae
389 3637 623 3711 omifit.
692 3644 877 3715 Nam
914 3649 982 3713 δε
1017 3639 1187 3714 vasta
1223 3638 1469 3737 aliquot
1487 3638 1557 3711 in
1585 3646 1629 3707 A
1645 3640 1926 3737 quitania
1942 3640 2084 3709 loca
2101 3694 2123 3724 ,
2159 3639 2252 3716 no'

198 3726 443 3815 incolis
463 3736 727 3840 quidem
749 3736 893 3811 sunt
910 3759 1103 3813 vacua
1122 3782 1146 3820 ‚
1180 3739 1285 3812 vel
1304 3738 1549 3837 ingrata
1570 3785 1596 3824 ‚
1636 3738 1870 3837 pinetis
1892 3732 2244 3906 frequessxti-

1952 3874 1960 3891 ι
2141 3850 2254 3933 m,
