2738 4475
341 289 352 294 ’
460 245 604 345 276
949 229 1464 322 Eub'noRM.
1520 245 2010 322 Sti-rmum

455 366 648 470 seque
682 369 760 442 ab
780 368 1009 443 aedium
1029 370 1300 443 domino
1316 370 1393 441 ad
1411 367 1539 440 hoc
1564 367 1779 442 miffos
1802 367 2250 471 benigniffima
2270 371 2518 447 oratio·-

455 496 538 542 ne
557 469 968 544 confirmant.
1021 472 1289 545 Urimur
1306 491 1439 541 tam
1459 468 1792 542 commodi
1811 468 2203 543 humanitate
2230 473 2348 548 viri
2369 531 2393 561 ,
2434 483 2506 548 δε

452 569 959 666 praecedentibus
1008 567 1202 642 servis
1238 568 1581 667 hospitales
1617 564 1896 642 subimus
1933 573 2091 642 lares
2134 600 2153 645 ι
2205 597 2507 646 momen-

451 691 652 768 toque
694 671 760 740 in
799 669 1179 740 interiorem
1229 669 1583 740 thalamum
1604 666 1865 739 deduffl
1885 669 1960 741 ad
1984 666 2502 768 patremfamilias

446 763 654 838 sumus
675 799 695 856 ;
734 769 840 840 ubi
862 774 877 806 ¹
897 768 1032 867 ipse
1069 769 1141 840 in
1174 766 1541 863 hemicyclo
1557 765 1633 836 ad
1657 769 1945 840 Tulliani
1969 771 2278 843 Scaevolae
2301 772 2503 866 maje-

447 864 678 938 statem
720 865 973 940 sedebat
990 915 1012 950 ‚
1053 865 1435 939 sanetisfima
1454 863 1786 940 severitate
1804 869 2006 960 vultus
2030 913 2053 947 ‚
2093 867 2502 971 demiffisque

447 966 792 1040 luminibus
813 977 878 1042 δε
900 970 967 1039 in
987 963 1351 1066 promissam
1378 964 1769 1037 intuentibus
1788 964 2065 1040 barbam.
2091 970 2167 1039 ln
2189 970 2514 1067 purissima

447 1065 621 1136 veste
644 1090 776 1138 erat
797 1115 817 1145 ,
857 1068 1145 1167 nihilque
1167 1067 1332 1136 circa
1354 1087 1500 1134 eum
1521 1065 1886 1139 notavimus
1907 1065 2074 1139 unde
2093 1064 2350 1165 squalor
2367 1096 2506 1142 am-

446 1164 680 1236 bitiose
707 1192 835 1237 non
853 1164 1004 1237 efl'et
1024 1184 1387 1263 exemptus.
1434 1165 1455 1192 ²
1476 1166 1672 1235 Plane
1689 1163 2024 1238 hominem
2045 1162 2210 1267 frugi
2229 1188 2502 1265 putares,

449 1269 516 1334 δε
541 1267 795 1362 qualem
817 1289 948 1335 non
972 1264 1257 1336 violass'et
1273 1264 1433 1334 olim
1452 1262 1712 1335 licentia
1728 1265 2076 1339 Gallorum
2098 1313 2119 1349 ‚
2155 1264 2201 1340 si
2216 1268 2282 1338 in
2301 1268 2502 1341 curuli

447 1386 634 1463 capta
656 1363 808 1436 urbe
828 1362 1227 1437 consedifl'et.

552 1469 658 1536 Ac
677 1487 744 1535 ut
769 1465 937 1537 illius
961 1465 1333 1536 intravimus
1357 1457 1733 1563 sedem,ipse
1749 1460 2117 1539 breviffima
2136 1460 2503 1540 salutatione

449 1565 786 1638 venientes
828 1567 1135 1666 excepit·,
1167 1589 1471 1638 caeterum
1512 1585 1645 1636 tam
1684 1566 1895 1664 largos
1918 1561 2302 1663 profundere
2317 1564 2505 1639 fletus

446 1667 684 1763 coepit,
700 1688 767 1736 ut
788 1669 1061 1740 omnino
1078 1666 1564 1743 timeremus,ne
1583 1665 1845 1758 alicujus
1866 1665 2233 1737 acerbitatis
2252 1691 2509 1740 merno-

448 1765 607 1835 riam
647 1767 862 1838 noster
880 1769 1188 1840 adventus
1211 1758 1584 1836 renovasset.
1641 1762 2073 1836 Horrentibus
2100 1764 2289 1836 nobis
2314 1813 2337 1849 ‚
2377 1767 2515 1864 pla·-

447 1888 658 1963 neque
697 1866 1070 1937 mirantibus
1087 1910 1108 1942 ,
1150 1863 1325 1959 quod
1380 1884 1613 1931 novum
1650 1858 2061 1928 humanitatis
2093 1885 2303 1955 genus
2354 1861 2513 1937 effet

441 1982 627 2031 tanto
666 1966 836 2033 luftu
855 1962 1107 2058 hospitii
1124 1962 1397 2053 gratiam
1420 1957 1662 2022 violare
1679 2009 1700 2036 ‚
1741 1978 1868 2050 ego
1892 1956 2154 2048 propius
2178 1957 2258 2024 ad
2282 1958 2507 2030 hemi-

442 2062 694 2153 cy'clum
727 2051 991 2142 acceffi3
1036 2057 1337 2147 vultuque
1372 2071 1674 2147 quantum
1698 2049 1980 2118 {imulare
1998 2049 2182 2145 potui
2202 2049 2503 2136 confuso,

437 2154 757 2251 repentini
778 2152 1018 2223 doloris
1042 2147 1195 2219 caus
1185 2174 1288 2218 am
1310 2147 1548 2248 rogavi.
1574 2146 1697 2218 llle
1715 2171 1905 2218 manu
1925 2144 2323 2221 verberatam
2344 2176 2509 2250 qua-
2554 2205 2563 2208 -

436 2253 602 2341 tiens
622 2248 862 2331 sedem,
889 2271 1169 2348 nutuque
1192 2247 1537 2346 multiplici
1561 2242 1884 2318 cervicem
1902 2244 2250 2319 inficerens
2270 2292 2294 2331 ‚
2339 2250 2515 2325 nihil

437 2349 699 2453 quidem
719 2348 807 2421 sui
829 2346 1006 2422 causa
1022 2348 1424 2420 commoveri
1444 2344 1796 2444 respondit,
1821 2342 1927 2417 sed
1944 2346 2235 2444 periculo
2256 2347 2511 2426 nostro:

440 2474 652 2548 neque
693 2451 870 2521 enim
890 2473 1278 2548 quemquam
1299 2447 1518 2519 inultis
1545 2443 1917 2516 criminibus
1936 2444 2241 2519 laceffiffe
2258 2450 2518 2547 patien-

444 2557 604 2624 tiam
649 2550 832 2620 coeli.
884 2547 1353 2622 Exhorruimus
1392 2545 1665 2617 omnino
1696 2565 1832 2616 tam
1856 2542 2136 2616 confusae
2161 2545 2512 2621 accusatio-—

448 2655 547 2724 nis
570 2648 807 2721 invidia
822 2648 1022 2720 inund
1035 2647 1121 2718 ati
1137 2680 1161 2740 3
1178 2668 1518 2742 mutuaque
1541 2643 1963 2716 admiratione
1981 2642 2275 2743 suspensi,
2306 2648 2512 2721 modo

337 2760 340 2763 ’
446 2775 593 2825 nos,
618 2748 817 2817 modo
839 2746 1053 2819 senem
1072 2747 1137 2816 in
1158 2746 1407 2846 gemitu
1429 2739 2302 2845 perseverantem,saepiffime
2320 2746 2516 2820 inno-

446 2848 727 2921 centiam
753 2844 1478 2917 nostramintuebamur.

549 2951 701 3023 Nec
733 2944 1019 3019 dubitavi
1059 2968 1341 3044 quaerere
1363 3000 1388 3033 ,
1432 2969 1627 3044 quam
1647 2946 1716 3019 in
1737 2943 1921 3020 nobis
1945 2940 2177 3044 flagitii
2196 2939 2514 3046 suspicio-'

2337 3070 2503 3121 nem

427 3196 452 3224 S

527 3222 551 3256 1
592 3208 741 3273 Ipsbs'n
752 3198 1449 3272 snndcycloadruuianiscaevoh
1511 3217 1614 3271 cap.
1641 3217 1761 3255 xur-
1791 3198 1853 3253 fic
1878 3194 2033 3252 scribit
2050 3216 2066 3249 ε
2099 3198 2513 3253 Aderaentr'nun'm

453 3271 963 3340 maejestatemsedebat.]
996 3273 1176 3322 Tullius
1193 3272 1244 3321 in
1271 3273 1450 3323 Loelio:
1520 3269 1676 3341 qam,
1706 3289 1735 3319 a
1783 3284 1974 3336 rumque
1999 3268 2141 3319 urbm
2156 3273 2294 3337 primo
2413 3270 2512 3331 idi,

454 3345 580 3391 Tum
597 3344 790 3392 memini
805 3344 936 3392 domi
952 3344 1002 3391 in
1016 3341 1275 3407 hemicyclo
1291 3337 1452 3391 seden-
1508 3360 1561 3389 nv
1641 3341 1651 3350 '
1760 3340 1851 3407 ffit
1868 3338 1987 3387 delus
1997 3368 2020 3398 ,
2031 3355 2131 3387 mox
2145 3338 2324 3402 abisam
2388 3342 2499 3388 'nnn

455 3420 573 3457 rem.
635 3410 870 3460 cathedra
912 3409 978 3459 est
1019 3410 1072 3460 in
1110 3410 1451 3461 semicirculum
1508 3358 1694 3464 vam,
1719 3411 1822 3476 peri
1844 3411 2056 3464 clame,
2084 3412 2152 3461 (9-
2179 3409 2239 3455 im
2288 3420 2336 3454 tn
2360 3409 2498 3457 inac-

456 3476 716 3541 compofita
745 3512 761 3535 ,
808 3479 1079 3530 communis
1119 3478 1416 3547 magnatibus
1435 3510 1452 3536 ‚
1505 3474 1860 3540 danbsedenm
1886 3473 2217 3537 ino-ruibtufi
2256 3474 2502 3542 ὑμνητα-

458 3545 585 3594 Galli
601 3560 770 3596 vocant
784 3580 802 3602 ,
832 3551 1047 3598 Fmenil.
1503 3557 1616 3594 tans
1629 3545 1758 3607 fines
1769 3547 1887 3594 velut
1902 3549 2021 3593 Dm
2031 3574 2055 3603 ,
2074 3544 2298 3608 Genicsquoe
2307 3560 2497 3590 venera·-

526 3629 554 3662 2
592 3619 726 3664 Plane
751 3614 961 3665 hominem
982 3616 1102 3684 fingi
1121 3628 1294 3682 putares
1308 3599 1343 3674 ⁸,
1381 3620 1446 3669 (φ
1502 3608 2056 3681 Ιίωοοκεῇἶηηροβᾳπω
2067 3607 2149 3673 effe
2161 3609 2347 3659 honines
2358 3613 2498 3677 lique-

456 3684 628 3748 quaelem
653 3703 734 3731 non
759 3684 960 3751 raiolafflt
982 3687 1079 3732 olim
1103 3686 1278 3731 licentia
1302 3680 1453 3733 GaeBo·
1502 3679 1578 3730 bae
1586 3715 1609 3742 ,
1640 3684 1799 3747 alioqui
1812 3714 1828 3738 ,
1854 3678 1967 3729 nihi!
1988 3678 2238 3750 respa-{ere
2259 3677 2486 3749 dignates

377 3783 386 3792 -
461 3770 556 3799 rum
571 3782 592 3808 ‚
613 3751 714 3813 siin
725 3750 1334 3818 curulicaptaurbefidffvt.]
1353 3754 1447 3800 Lu·
1494 3747 1803 3819 pari-vecordia
1813 3748 2030 3805 malint·

451 3822 557 3872 cius
587 3828 687 3872 An.
704 3821 870 3876 florus
891 3835 1052 3875 retum
1069 3826 1278 3874 Roman.
1293 3817 1378 3870 lib.
1402 3833 1443 3868 ι.

2256 3895 2285 3933 1
2323 3878 2527 3940 cab,-
