2738 4475
427 207 569 276 1¹6
896 216 1407 299 Eupalion«.
1455 227 1969 304 Sava-‘ttici

432 341 710 418 aediculae
749 343 1075 437 fetebant,
1120 358 1326 456 prima
1359 362 1502 430 luce
1521 357 1828 432 Fibullius
1864 360 1940 431 ad
1966 356 2335 434 Gallionem
2354 350 2490 434 aid·⁹

436 441 563 515 huc
584 443 780 520 thoro
797 451 1210 528 inhaerentem
1229 459 1526 541 intravit,
1563 466 1626 532 δι
1650 458 2059 531 blandiffimo
2077 462 2254 531 vultu
2273 455 2475 532 salve-
2507 507 2517 511 „

437 548 973 658 ree-mulierculam
1006 554 1210 645 justit,
1265 583 1406 654 quae
1445 553 1700 657 frigoris
1741 579 1915 628 metu
1952 556 2143 629 strata
2178 556 2470 632 servaret.

440 644 673 756 {arti-sit
694 647 766 717 ad
790 648 956 723 hunc
974 651 1165 726 saleni
1190 658 1452 729 Callion
1470 702 1493 737 ‚
1530 666 1594 729 &
1620 656 1959 728 Fibullium
1980 657 2062 729 ad
2080 654 2295 729 sedem
2331 658 2472 755 pul·-

436 765 601 811 vinis
633 771 957 822 oneratam
993 755 1342 841 invitabat,
1384 781 1530 829 cum
1565 757 1677 828 ille
1707 752 2122 827 secretiffimo
2151 778 2474 829 murmure

437 841 672 938 aliquid
710 847 775 916 in
811 874 1023 922 aurem
1062 855 1348 926 Callioni
1382 855 1566 927 dixit.
1621 859 1708 927 Et
1748 856 2048 953 quoniam
2087 853 2302 953 gestus
2340 877 2475 927 erat

437 935 845 1037 supplicantis
866 996 886 1031 ,
909 949 1231 1049 deprecati
1251 951 1666 1024 credebamus
1687 953 2029 1052 pridianam
2047 950 2473 1026 severitatem.

437 1040 598 1110 Erat
631 1067 839 1117 autem
859 1096 880 1130 ‚
915 1073 983 1120 ut
1006 1049 1224 1147 postea
1238 1052 1713 1136 intelleximus,
1754 1050 2037 1124 modesta
2055 1048 2374 1123 excusatio
2394 1052 2475 1124 ad

440 1159 763 1252 certamen
787 1145 1093 1247 lingulare
1112 1151 1543 1248 provocanti&
1606 1159 1845 1249 Neque
1863 1208 1885 1236 ‚
1907 1151 2112 1250 inquit
2131 1196 2152 1231 ,
2173 1152 2332 1220 ullus
2348 1150 2470 1236 est,

440 1259 540 1306 cui
577 1243 749 1337 plura
770 1271 959 1342 quam
995 1245 1111 1315 tibi
1135 1248 1367 1321 debere
1387 1247 1735 1336 confitear,
1775 1272 1881 1320 aut
1911 1250 2257 1321 amicitiam
2291 1269 2469 1322 tuam

440 1336 575 1406 ullo
614 1343 815 1441 magis
850 1366 1148 1442 tempore
1181 1350 1378 1422 colui.
1431 1347 1734 1432 Sed-scis,
1769 1368 1835 1420 te
1853 1350 1971 1419 illo
1993 1346 2203 1420 seculo
2220 1348 2461 1430 vivere,

440 1435 550 1505 ubi
584 1439 850 1514 minima
869 1440 1146 1518 infamiae
1170 1444 1440 1545 suspicio
1461 1469 1791 1545 paternam
1824 1447 2200 1519 charitatem
2232 1449 2468 1518 vincat.

441 1538 606 1610 Non
627 1539 868 1637 poiliim
892 1545 1142 1645 integra
1179 1543 1346 1619 fama
1366 1548 1648 1620 hesterni
1679 1569 2090 1645 contemptus
2125 1546 2475 1647 imaginem

442 1638 617 1732 pati,
657 1643 829 1738 quod
849 1666 968 1715 nec
1002 1647 1204 1718 verbo
1233 1646 1577 1733 excusasti,
1609 1673 1757 1720 cum
1774 1670 2110 1745 tantopere
2129 1646 2289 1718 meis
2307 1646 2480 1717 votis

440 1735 765 1823 Obstafess
805 1744 1371 1842 &Euphormioni
1400 1745 1556 1817 salus
1591 1772 1701 1819 me
1722 1748 1932 1818 invito
1952 1748 2098 1817 data
2130 1743 2267 1817 est.-
2300 1745 2478 1843 quod

440 1836 686 1910 utinam
704 1842 769 1913 in
792 1848 1246 1916 contumeliam
1270 1842 1583 1941 utriusque
1605 1842 1864 1914 familia:
1884 1869 2013 1912 non
2036 1841 2333 1913 vertiffet.

544 1940 707 2008 Non
741 1938 939 2011 defuit
960 1944 1242 2012 Callioni
1280 1939 1706 2038 apertissimus
1739 1940 1818 2008 ad
1841 1936 2257 2008 excusandum
2290 1962 2471 2008 cam-

441 2056 596 2126 pus,
639 2032 758 2106 ‘sed
791 2037 1154 2107 timiditatis
1190 2040 1567 2134 opinionem
1606 2033 1815 2121 facere
1852 2037 2102 2119 noluit,
2156 2053 2463 2132 tanquam

436 2127 754 2202 invasores
789 2134 1126 2218 nostin-ni,
1162 2139 1269 2234 qui
1306 2134 1384 2205 ad
1416 2135 1725 2225 majorem
1765 2135 1897 2202 vim
1927 2128 2109 2204 foede
2129 2133 2469 2229 planorum

437 2225 785 2325 imaginem
809 2228 1082 2303 sumunt.
1119 2241 1345 2332 ltaque
1359 2231 1524 2305 bene
1545 2226 1782 2304 sensisse
1799 2231 2141 2305 Fibullium
2163 2228 2469 2314 affirmat,

437 2348 509 2393 ac
534 2350 612 2395 ne
632 2332 948 2428 impetum
971 2331 1242 2403 molesta
1271 2330 1598 2405 sedulitate
1628 2329 1973 2404 domestici
2002 2331 2294 2413 turbent,
2337 2328 2472 2403 suf·

436 2419 764 2502 furandam
781 2455 1002 2501 eorum
1020 2433 1222 2502 oculis
1242 2431 1731 2532 generositatem
1744 2451 1878 2502 tam
1899 2429 2318 2528 inexspefihti
2355 2455 2471 2501 co-

435 2550 645 2601 natus.
702 2533 907 2629 lgitur
936 2556 1166 2602 omnes
1187 2534 1253 2601 in
1287 2529 1593 2602 diversam
1623 2556 1837 2601 curam
1856 2530 2191 2601 intendere
2219 2530 2475 2601 animos

383 2678 400 2694 f
437 2625 617 2724 jussit
634 2675 655 2710 ,
677 2655 746 2700 ac
768 2631 1084 2728 praecipue
1104 2632 1406 2722 jentaculi
1428 2655 1652 2701 munus
1671 2624 2166 2703 officiosissimus
2185 2628 2472 2711 mandat,

440 2729 593 2799 dum
612 2775 635 2810 ‚
670 2729 916 2824 inquit,
953 2730 1018 2800 in
1043 2721 1682 2825 proximum‘bortum
1704 2729 2044 2802 Fibullium
2066 2727 2348 2813 abduce,
2386 2729 2472 2799 li·-

438 2825 684 2898 bertate
716 2829 875 2899 ae‘ris
910 2827 1218 2923 pofiturus
1257 2826 1575 2900 fastidium
1614 2827 1763 2900 cibi.
1816 2834 1994 2900 Tum
2016 2826 2257 2899 vestem
2275 2853 2469 2924 quam
2536 2835 2545 2842 '

440 2952 593 2999 mox
632 2928 970 3018 abjiceret,
1025 2951 1250 3023 parum
1284 2924 1644 3025 composuit
1672 2983 1693 3011 ‚
1746 2927 2085 3026 gladioque
2116 2924 2309 2995 veluti
2346 2951 2467 3023 pro

442 3051 627 3100 more
662 3024 957 3125 sumpto,
994 3024 1280 3124 pervadit
1314 3029 1382 3098 in
1419 3025 1695 3098 hortum.
1757 3029 1907 3100 Nec
1926 3021 2193 3094 omisere
2214 3022 2361 3094 huic
2395 3049 2468 3095 a-

441 3127 706 3199 mentiae
743 3122 1080 3198 familiares
1116 3150 1195 3194 nu
1245 3150 1331 3197 as.
1440 3130 1756 3219 'Junxere
1792 3121 2026 3195 striffls
2067 3123 2468 3220 amplexibus

443 3226 709 3321 pestora
727 3250 867 3324 quae
884 3251 1034 3297 mox
1053 3248 1177 3296 con
1207 3226 1573 3309 oderent,&
1596 3227 1850 3294 inanem
1871 3221 2077 3292 veniae
2096 3217 2309 3294 fucum
2328 3247 2472 3296 ctu·

443 3321 576 3392 deli
600 3326 848 3420 piaculo
868 3323 1336 3423 praemiserunt3
1369 3322 1743 3420 scrutatique
1761 3343 2052 3418 patentes
2071 3315 2243 3393 ferro
2271 3320 2465 3403 linus,

446 3446 603 3492 mox
640 3422 902 3523 quisque
945 3422 1155 3503 suam,
1257 3427 1471 3522 uisque
1507 3425 1775 3493 alienam
1815 3422 2019 3491 aciem
2076 3420 2462 3498 intuebatur,

437 3520 575 3593 Sed
606 3517 844 3594 facinus
866 3449 1473 3595 differentesortuna
1490 3542 1772 3594 avertere
1792 3521 1891 3591 bis
1909 3516 2113 3591 elusos
2132 3523 2293 3593 ietus
2311 3568 2334 3602 ‚
2371 3518 2470 3592 se·-¹

513 3736 539 3772 r
573 3719 779 3789 Jnmre
793 3717 1233 3804 stridkinnplexilgns
1250 3722 1423 3803 gebim:
1438 3733 1452 3844 1
1470 3720 1551 3789 qui
1567 3717 1787 3788 (iugulati
1818 3719 2076 3803 certamine
2088 3622 2466 3789 congreduianmetl
2552 3726 2565 3739 ·

435 3807 530 3861 ‚aa
555 3807 653 3840 mox
674 3785 981 3856 confoderent-J
1018 3791 1256 3869 invehitur
1271 3807 1322 3842 in
1337 3806 1416 3844 eos
1468 3805 1667 3860 quotum
1680 3790 1830 3860 gestus
1844 3786 2062 3859 describit
2079 3790 2139 3842 ad
2152 3786 2453 3913 :munima-
