2738 4475
862 270 917 340 P
1019 291 1064 338 a
1156 270 1223 336 ἰι
1317 288 1349 334 s
1468 266 1590 338 v.·
2078 265 2222 357 633

186 400 328 446 cunt
339 399 637 464 antequam
660 382 903 443 fulmine
930 382 1197 442 feriantur
1214 409 1231 452 3
1273 383 1411 443 illud
1443 384 1596 441 enim
1629 377 1925 460 praemittit
1953 377 2231 458 spiritum.

198 470 255 525 δι
270 468 381 545 agit
394 480 521 524 ante
537 464 590 523 se
601 465 738 521 dum
757 476 916 539 rupta
933 464 1076 521 nube
1092 461 1348 540 pervolat.
1386 463 1651 519 Cecidere
1665 461 1733 517 de
1750 460 2004 528 manibus
2021 461 2229 535 impio-a

201 564 327 602 rum
361 544 653 603 novissima
680 540 1073 598 defunfkorum
1106 539 1278 618 spolia
1293 580 1309 604 ‚
1340 543 1397 598 δι
1428 541 1638 597 territas
1667 536 1765 596 suo
1805 535 2002 596 scelere
2019 551 2234 597 mentes

198 622 462 681 fortuitus
483 622 684 679 horror
698 619 958 677 turbavit.
1017 616 1316 695 Improvisa
1346 636 1469 676 raro
1498 635 1712 675 moram
1746 619 2039 694 patiuntur
2067 616 2135 675 ad
2150 635 2235 675 re·

198 700 579 779 colligendum
610 699 678 757 se.
736 697 1036 775 Reliquere
1063 715 1215 757 arma
1232 695 1490 754 nosturni
1509 695 1822 776 graffatores
1836 696 2039 774 quibus
2051 693 2103 752 se
2143 694 2232 752 ul·

197 797 363 837 crum
380 798 446 837 ru
518 791 641 835 rant
663 815 679 841 ,
705 783 757 839 δε
792 791 856 833 ut
881 773 1188 854 effugerent
1204 793 1431 854 poenam
1449 792 1616 852 quam
1635 774 1945 832 Constantii
1961 776 2014 833 δι
2027 713 2235 852 juliani

202 857 353 937 leges
369 869 433 914 ut
446 797 712 934 spaecrilegis
727 853 1377 920 minabantur,deseruere
1392 867 1645 912 naturam
1663 850 1836 918 suam,
1859 851 2240 911 horrendum·

205 955 320 1013 que
335 935 678 1012 propositum
698 973 716 1000 ‚
731 952 847 1012 quo
862 951 1049 992 manes
1063 933 1501 1014 inquietaverant
1521 970 1538 994 ‚
1571 932 1820 991 inusitata
1837 931 2167 989 verecundia
2178 932 2239 990 &t

205 1014 500 1091 incognito
512 1026 669 1071 metu
685 1028 983 1070 mutavere.

174 1165 187 1171 ἱ
298 1092 567 1150 Nondum
602 1091 742 1149 bene
753 1091 998 1150 exierant
1013 1128 1031 1155 ‚
1056 1101 1330 1168 pertentat
1343 1087 1688 1168 Alitophilus
1701 1098 1873 1166 partes
1897 1106 2095 1147 omnes
2108 1084 2240 1146 sub·

208 1171 445 1230 terranei
462 1167 647 1248 specus
662 1211 680 1236 ,
695 1173 750 1229 δι
766 1184 829 1227 ut
845 1187 938 1228 me
952 1171 1331 1229 dormientem
1350 1167 1559 1247 aspexit
1574 1204 1592 1229 ‚
1628 1182 1813 1225 totum
1832 1167 1883 1225 se
1899 1167 2115 1226 labante
2129 1168 2242 1246 spi-

206 1250 323 1306 ritu
341 1247 499 1326 super
515 1265 711 1307 meum
725 1265 923 1323 corpus
934 1246 1145 1307 effudit.
1166 1253 1319 1308 Inter
1332 1247 1450 1304 haec
1464 1245 1711 1305 allevatis
1726 1245 2032 1305 luminibus
2047 1243 2241 1324 agnos:

212 1345 337 1385 cere
352 1328 767 1404 amplexantem
785 1327 983 1404 incepi.
996 1327 1121 1405 Jam
1142 1326 1417 1401 mihi,jam
1436 1323 1518 1382 illi
1532 1324 1746 1384 reddita
1757 1324 1987 1388 refici,&
2002 1326 2237 1384 relaxata

211 1405 465 1481 potionis
478 1407 534 1464 vi
549 1405 616 1463 ad
633 1404 850 1480 superos
862 1422 1106 1462 remeare
1123 1444 1139 1469 ‚
1167 1401 1270 1461 nisi
1301 1403 1456 1481 quod
1486 1402 1666 1460 adhuc
1699 1403 1981 1462 claudebar
1995 1402 2242 1461 tumulo.

212 1485 457 1542 Rediere
470 1535 474 1539 .
486 1501 713 1564 quoque
738 1483 879 1539 vires
911 1480 1220 1557 Alitophilo
1238 1521 1254 1545 ,
1284 1482 1644 1561 affurgimuss
1683 1484 1739 1541 8(
1769 1483 2108 1540 ornamentis
2121 1497 2247 1559 quae

207 1561 408 1638 passim
426 1563 571 1619 circa
585 1558 1099 1633 cadaverajacebant
1131 1562 1328 1635 (nuper
1357 1558 1594 1636 spolium
1615 1560 1919 1636 latronum)
1952 1561 2244 1638 requisitis.

215 1637 576 1715 sublatisque,
587 1635 910 1695 mortalitati
929 1655 1027 1695 nos
1044 1638 1402 1697 reddidimus.
1463 1639 1681 1696 Putares
1708 1640 2022 1716 Eurydicen
2036 1639 2104 1694 de
2120 1640 2246 1694 '1'ae-

213 1734 355 1774 naro
373 1720 605 1775 tractam
622 1715 912 1791 Orpheum
932 1713 1083 1794 sequi
1101 1753 1118 1781 ,
1145 1715 1185 1773 fi
1216 1730 1312 1773 aut
1329 1715 1668 1791 Alitophilus
1687 1716 1942 1775 tenuiffet
1954 1716 2249 1780 citharam,

170 1775 184 1799 ⁶
213 1807 334 1930 g}
344 1813 468 1885 ego·
485 1791 682 1929 rlelapfii
712 1792 1060 1949 sgzlulrfflbras
1093 1798 1149 1854 &
1176 1796 1382 1853 iterum
1414 1793 1577 1854 obvia
1607 1794 1848 1853 Cerbero
1863 1796 1927 1853 ad
1938 1797 2252 1874 geminatos

320 1887 496 1931 centis
530 1885 731 1930 atratus
954 1892 1063 1930 em.

300 1952 390 2009 Sic
404 1950 474 2008 ab
489 1950 681 2009 inferis
698 1963 1002 2011 remeantes
1019 1991 1036 2016 ,
1054 1951 1298 2010 obdqu
1314 1951 1538 2009 tumulo
1555 1949 1787 2011 soluturi
1805 1963 2004 2011 votum
2020 1951 2262 2012 Anteiu-

142 2037 169 2068 ὃ
209 2030 306 2087 cio
324 2028 648 2106 petebamus
666 2030 841 2088 aedem
859 2032 1090 2089 Veneris
1104 2030 1537 2109 Pyrenaeisjugis
1553 2028 1811 2089 sacratam
1831 2056 1848 2100 ς
1888 2034 1943 2091 δι
1966 2033 2085 2108 jam
2107 2028 2259 2091 mul·

213 2121 343 2167 tum
356 2106 573 2166 itineris
587 2107 790 2165 emenii
805 2127 1025 2165 eramus
1040 2148 1058 2173 ,
1090 2127 1220 2165 cum
1243 2108 1522 2165 latronum
1542 2110 1664 2187 (qui
1681 2109 1780 2168 sub
1794 2110 2072 2185 Eurybato
2103 2109 2254 2168 mili·

221 2186 437 2279 tabant)
475 2204 671 2247 manus
699 2185 862 2246 effera
873 2186 1095 2265 decepit
1104 2187 1367 2265 pietatem
1385 2187 1625 2246 nostram
1641 2225 1660 2249 .
1693 2191 1749 2247 &
1763 2188 2014 2247 incautos
2042 2189 2249 2248 eatenis

216 2279 483 2323 oneravit.

299 2344 609 2403 Insidebant
642 2342 1059 2403 sublimioribus
1090 2342 1226 2402 locis
1258 2341 1603 2403 incultorum
1622 2344 1906 2403 montium
1926 2331 2257 2424 praedonum

199 2421 573 2498 'reliquorum
589 2424 924 2485 examirm&
939 2420 1107 2479 veluti
1123 2420 1417 2497 piaculares
1429 2421 1701 2481 damnata:
1716 2421 2083 2483 solicitudinis
2096 2425 2259 2483 viffl⁴

221 2519 345 2558 mas
360 2501 428 2559 de
440 2500 671 2578 rupibus
689 2498 989 2574 dependuli
1009 2500 1221 2556 immiti
1234 2498 1451 2557 lumine
1467 2499 1776 2577 speaabant
1793 2541 1810 2566 ,
1840 2521 1980 2580 quos
1996 2504 2054 2560 in
2070 2520 2260 2560 carce-

220 2598 345 2713 {iem
368 2584 423 2639 δι
440 2578 691 2712 ringus
707 2576 914 2635 celebri
929 2575 1087 2654 supra
1100 2577 1402 2636 noxiorum
1419 2591 1631 2637 reatum
1644 2580 1962 2659 ignominia
1974 2578 2108 2639 socii
2144 2577 2261 2659 pes-

274 2657 454 2713 mitra
495 2675 527 2712 e
596 2666 675 2711 nt.
2033 2682 2045 2695 ·

316 2732 649 2790 Praeibamus
681 2731 872 2789 nostris
902 2732 1136 2790 vinculis
1162 2733 1520 2813 triumphum
1540 2753 1763 2813 gravem
1779 2775 1797 2798 .
1828 2741 1883 2798 δι
1903 2733 2179 2816 suspensos
2191 2735 2259 2795 ad

226 2811 377 2870 lenta
392 2808 654 2889 supplicia
665 2808 882 2887 spiritus
900 2825 1125 2888 torpore
1137 2813 1312 2890 magis
1328 2833 1496 2893 quam
1513 2827 1668 2873 metu
1686 2817 2257 2894 premebamus.Tunc

223 2908 336 2969 ego
370 2907 486 2948 non
517 2887 681 2948 inscia
715 2888 945 2966 periculi
975 2890 1129 2966 quod
1163 2892 1386 2969 utrique
1402 2894 1736 2952 imminebat
1753 2933 1770 2959 ,
1794 2895 1982 2953 osculo
1996 2894 2261 2972 Eurybati

336 2988 373 3025 u
390 2969 619 3026 adorato
650 3007 666 3033 ‚
694 2969 957 3044 praecocia
973 2968 1079 3025 fata
1096 2973 1151 3028 δι
1166 2967 1448 3030 salutarem
1466 2970 1578 3029 sola
1594 2972 1868 3032 celeritate
1884 2988 2125 3032 mortem
2146 2974 2258 3031 mi·

268 3050 286 3104 i
302 3046 571 3125 fratrique
585 3047 680 3121 (fic
698 3044 1076 3122 Alitophilum
1095 3048 1459 3126 appellabam)
1472 3050 1756 3126 deprecata
1773 3050 1911 3109 sum.
1952 3054 2096 3127 Eury
2104 3051 2261 3109 batus

224 3124 493 3201 expalluit
505 3126 571 3184 ad
590 3125 954 3184 constantiam
974 3144 1160 3185 meam
1178 3131 1251 3192 ,δι
1265 3128 1554 3187 blandiore
1569 3130 1723 3187 vultu
1746 3148 1814 3187 ne
1828 3128 2167 3206 desperarem
2188 3128 2258 3187 de

224 3204 428 3279 pietate
440 3203 531 3262 sua
549 3204 803 3263 monuit:
845 3188 1155 3282 vocaffique
1187 3209 1381 3265 Atrace
1410 3208 1704 3283 imperavit
1732 3223 1795 3267 ut
1810 3224 2113 3284 utrumque
2130 3205 2262 3264 dili·

188 3336 194 3344 ,
228 3294 427 3360 genter
440 3294 755 3359 procuraret
768 3319 788 3343 .
818 3287 873 3343 δε
887 3284 1165 3341 eximium
1197 3286 1283 3356 (ut
1309 3284 1512 3361 ajebat)
1545 3305 1643 3363 par
1672 3284 1869 3344 formae
1883 3287 1944 3344 in
1961 3285 2260 3345 crastinum

228 3358 525 3418 reservaret
543 3360 658 3418 fibi.
693 3359 926 3435 Sedjam
946 3365 1115 3421 Atrax
1133 3379 1461 3441 conceperat
1479 3365 1748 3426 flammas,
1765 3367 1820 3423 δι
1834 3364 2024 3424 subitae
2039 3362 2264 3423 misera-

229 3438 410 3496 tionis
422 3435 709 3495 affectione
723 3436 1372 3514 permomamiscrescere
1386 3440 1439 3500 se
1455 3441 1618 3500 fimul
1634 3447 1690 3502 δι
1708 3460 1889 3502 amare
1908 3441 2079 3503 sensit.
2091 3446 2267 3504 Amor

226 3516 388 3575 enim
410 3515 734 3592 plerumque
748 3518 779 3573 ὲ
798 3516 1142 3576 miseratione
1159 3522 1328 3578 venit.
1345 3523 1427 3577 Ut
1445 3522 1504 3578 in
1517 3518 1726 3579 tristem
1756 3526 1812 3581 &
1827 3523 2013 3600 ignavi
2043 3521 2268 3600 frigoris

226 3594 455 3672 plenam
474 3590 788 3670 speluncam
803 3595 1180 3655 descendimus
1197 3639 1215 3663 ‚
1242 3617 1342 3674 per
1356 3599 1586 3677 obliqua
1599 3599 1805 3658 deuexa
1819 3603 1876 3659 in
1895 3602 2079 3659 imum
2099 3604 2268 3661 dedu.

228 3673 330 3731 eti,
349 3671 581 3731 cedente
592 3669 712 3729 solo
727 3672 962 3731 instabili
981 3675 1223 3752 vestigin,
1236 3680 1291 3736 &
1305 3676 1505 3755 refugo
1518 3676 1664 3753 lapsu
1680 3698 1822 3736 onus
1839 3676 1998 3736 suum
2019 3679 2162 3738 male
2179 3680 2266 3739 su-

221 3752 494 3811 stinente:
548 3753 715 3807 Atrax
732 3789 748 3815 ‚
763 3752 860 3828 qui
880 3752 1009 3808 nobi
1017 3752 1168 3811 scum
1178 3753 1532 3813 descenderat
1550 3795 1566 3820 ,
1583 3758 1771 3815 nostris
1790 3756 2019 3815 miseriis
2034 3757 2275 3834 adsuspi·

228 3847 373 3905 rans„
390 3833 447 3893 δε
462 3828 623 3909 noris
640 3830 931 3909 Cupidinis
946 3832 1171 3912 ignibus
1184 3833 1251 3895 ad
1267 3823 1700 3970 miser-{ordiam
1723 3852 1954 3905 morus,
1968 3833 2040 3894 sic
2053 3836 2274 3910 incipit.

718 3928 721 3929 ⁷
1508 3930 1537 3969 r
1578 3929 1620 3985 5
2035 3954 2041 3963 .
2070 3915 2286 3979 ‘Coadti
