2738 4475
869 233 1730 322 pausia.-
2067 201 2394 347 697Ῐὶ

358 362 576 443 Excelsa
605 352 774 423 ‘'urris
804 363 1054 423 tabulata
1071 404 1087 432 ‚
1127 365 1260 424 unde
1285 364 1445 422 altior
1470 361 1588 437 effic

374 445 542 520 Casius
556 477 575 504 ι
618 441 688 511 ό·
715 442 934 519 impulsa
959 455 1172 521 preceps
1198 447 1421 501 immam
1451 444 1627 498 ruina.

203 519 370 580 Adeo
402 522 698 581 ambitioni
712 520 805 579 sua
820 524 896 579 cst
911 521 1252 581 temulentia.
1288 525 1419 578 Haec
1430 516 1730 597 jugurthas
1743 514 1809 573 ad
1826 514 2029 574 solium
2044 535 2142 594 per
2158 534 2256 573 ne-

203 619 303 657 ces
320 619 717 677 germanorum
730 601 955 659 excivit.
1019 604 1148 660 Haec
1181 602 1474 677 Astyagem
1495 636 1512 662 .
1540 596 1655 654 haec
1690 594 1986 652 Amulium
2004 595 2257 654 adinhu-

210 681 535 736 maniorem
553 679 663 755 ipsa
681 678 1086 752 inhumanitate
1102 681 1404 737 barbariem
1424 676 1763 754 provocavit.
1815 675 1942 730 lmo
1961 676 2257 731 Saturnum

216 754 406 831 ipsum
426 759 484 814 in
499 757 649 815 suam
673 758 908 816 armavit
919 758 1164 818 sobolem
1182 800 1198 823 ,
1230 763 1284 817 ὅτ.
1302 760 1555 814 Danaum
1571 755 1635 812 ad
1653 751 2117 811 immanissimum
2135 767 2264 811 toto

221 835 365 892 orbe
377 836 755 911 parricidium,
769 855 884 893 non
898 855 1076 896 unum
1092 834 1179 894 sed
1195 836 1491 912 multiplex
1506 874 1523 899 ,
1553 851 1666 892 una
1677 834 1840 890 nocte
1854 832 2264 910 quinquaginta

220 910 658 982 filiarummanu
677 911 946 975 constivit
971 938 984 973 :
1017 916 1257 994 denique
1273 916 1529 974 dextram
1549 911 1776 987 Qirini
1795 909 2039 967 fraterno
2049 911 2270 988 sangui·

226 1010 302 1049 ne
317 994 643 1052 cruentavit:
693 993 828 1053 adeo
841 996 1122 1072 Principes
1134 993 1275 1071 ipsos
1292 989 1617 1052 transversos
1632 991 1745 1066 agit
1760 987 1992 1045 ambitio
2013 1029 2030 1055 ,
2041 1004 2105 1047 ut
2122 1007 2262 1047 con·

223 1067 553 1149 ianguineos
564 1074 710 1131 inter
726 1072 781 1132 se
797 1076 1139 1134 committat,
1157 1079 1211 1131 &
1226 1076 1514 1150 proprium
1531 1068 1734 1130 lambat
1748 1066 2088 1148 sanguinem.
2129 1068 2221 1128 sed

1060 1157 1335 1213 Tollantur
1363 1157 1419 1209 in
1444 1150 1623 1209 αἰεσιω

432 1236 509 1290 Ut
536 1230 685 1308 lapsu
701 1233 955 1307 graviore
984 1247 1171 1290 ruant.

426 1314 682 1386 Sequitur
699 1307 940 1388 supeffos
970 1310 1115 1369 ultor
1142 1308 1181 1368 >a
1217 1326 1359 1385 tergo
1390 1316 1564 1373 Dua,

428 1395 561 1446 Sera
588 1404 764 1445 tamen
793 1390 968 1456 tangitis
993 1401 1145 1463 poenae
1172 1402 1319 1452 vemt
1340 1386 1575 1464 pedibus.

434 1470 509 1520 Et
537 1468 695 1521 timor
728 1461 800 1530 ό·
830 1468 972 1523 mim
991 1464 1248 1540 scandunt
1278 1467 1451 1524 eodem
1479 1484 1583 1543 quo
1609 1463 1863 1522 dominus.

231 1542 390 1601 Nam
406 1560 530 1619 quar.
546 1542 723 1617 major
736 1541 1042 1607 calamitas,
1069 1562 1194 1620 quae
1221 1542 1331 1600 sors
1363 1543 1666 1621 ingratior,
1749 1560 1877 1600 uam
1908 1540 2275 1608 Ducis-illius.

232 1623 340 1698 qui
368 1620 574 1678 domiti
606 1625 664 1680 ὃ(
692 1620 919 1697 expilati
950 1620 1098 1678 orbis
1124 1623 1335 1681 exuviis
1349 1624 1529 1686 dives,
1562 1562 2018 1699 (intelligentibus
2033 1620 2263 1701 loquor)

232 1716 470 1776 egenam
487 1736 504 1762 ‚
534 1702 590 1758 Bc
621 1711 841 1776 captam
857 1700 1034 1759 oculis
1050 1701 1261 1759 trahere
1277 1700 1615 1758 senectutem
1639 1739 1655 1764 ,
1687 1700 1877 1775 stipem
1924 1718 1991 1756 ue
2007 1697 2269 1774 apraeter·

236 1775 496 1834 euntibus
523 1775 903 1835 miserandum
936 1781 997 1837 in
1017 1798 1236 1837 morem
1255 1779 1600 1837 emendicare
1617 1779 1836 1836 coaetus
1851 1717 1941 1837 till.
1999 1778 2072 1834 At
2090 1796 2269 1855 neque

236 1855 336 1916 dis
340 1921 343 1922 ⁷
361 1875 420 1913 ar
437 1853 673 1912 fortunae
690 1855 995 1916 ludibrium
1015 1858 1188 1933 paffus
1203 1862 1277 1916 est
1293 1857 1391 1915 ille
1406 1856 1571 1923 alter,
1602 1859 1784 1934 quiex
1806 1854 2011 1912 humili
2025 1854 2169 1914 sorte
2182 1860 2269 1922 ,ὃς

237 1951 351 2010 qua
421 1953 491 1992 cx
520 1934 744 2011 pulvere
770 1936 837 1994 ad
869 1951 1005 1994 rotae
1033 1938 1251 1994 evessus
1264 1935 1380 1994 fasti
1426 1937 1579 1996 ium.
1619 1933 1854 1993 instabili
1867 1932 2064 1991 deinde
2077 1934 2193 1992 fato
2208 1934 2273 1993 in

235 2011 504 2071 infimum
517 2011 810 2071 devolutus
826 2014 937 2083 est3
968 2013 1105 2071 dum
1139 2016 1292 2073 enim
1324 2012 1382 2072 so
1410 2016 1426 2071 i
1453 2016 1623 2093 Regis
1651 2013 1873 2071 nomini
1888 2013 2101 2090 parcit.
2128 2012 2270 2071 dum

236 2089 507 2167 supremae
521 2093 783 2167 potentiae
797 2091 1079 2171 fastigium
1095 2092 1390 2151 aemulatur
1408 2131 1424 2157 ,
1450 2091 1842 2170 perduellionis
1859 2090 1922 2148 fit
1938 2109 2057 2148 rcus
2073 2131 2089 2155 ,
2118 2091 2280 2149 deni-1
2377 2123 2382 2126 ,

226 2188 345 2249 que
360 2172 397 2226 ὁ
414 2169 512 2228 fati
526 2171 970 2230 inconstantiam!
986 2190 1154 2249 poena
1166 2173 1629 2252 irrogatur‚quam
1646 2171 1920 2247 deprecari
1940 2188 2052 2226 non
2067 2172 2272 2248 potuit.
2390 2240 2398 2249 „

229 2248 303 2307 ln
316 2248 484 2309 scenae
498 2250 734 2309 modum
753 2249 1059 2309 tabulatum
1077 2254 1311 2329 erigitur
1325 2293 1341 2317 ,
1372 2250 1467 2309 ubi
1485 2249 1693 2308 funesta
1706 2249 1937 2327 periodo
1953 2251 2175 2341 tragicae
2189 2250 2274 2307 vi-

235 2344 307 2384 tae
322 2328 507 2384 aQum
526 2328 795 2385 ultimum
815 2329 1033 2387 claudit.
1074 2329 1384 2389 Theatrum
1419 2329 1671 2404 superans
1689 2367 1706 2393 ‚
1734 2326 1801 2386 ab
1832 2328 1954 2404 ipfis
1980 2341 2148 2386 etlam
2179 2328 2273 2386 ad·

238 2403 481 2463 versariis
494 2419 789 2479 extorquet
804 2403 1128 2480 lachrymas.
1183 2410 1309 2463 Erat
1338 2425 1515 2463 uncus
1530 2407 1736 2467 ferreus
1750 2405 1875 2479 palo
1891 2405 2110 2463 sublimi
2129 2424 2274 2464 con·-

237 2482 386 2541 fixus
404 2510 422 2552 3
455 2494 613 2559 rogat
629 2482 905 2540 lictorem,
918 2500 1155 2559 ecquem
1174 2484 1234 2540 in
1246 2481 1405 2540 usum
1425 2484 1446 2536 ἲ
1491 2483 1681 2538 Listor
1698 2522 1714 2546 ‚
1747 2497 1812 2537 ut
1843 2495 2162 2540 truncatum
2177 2501 2273 2541 ca-

282 2578 344 2618 ut
363 2559 739 2618 multitudinis
754 2560 927 2617 oculis
941 2560 1225 2635 objiceret.
1282 2560 1367 2616 De
1385 2561 1643 2617 cadavere
1660 2598 1676 2623 ,
1707 2558 1894 2616 retulit
1913 2598 1930 2623 ,
1959 2573 2112 2616 utere
2128 2573 2189 2617 ut
2205 2560 2279 2618 lia

235 2581 354 2697 bet.
398 2639 521 2695 Nec
536 2654 694 2705 mora
707 2676 723 2700 .
752 2650 916 2715 caput
938 2638 1110 2697 securi
1124 2636 1356 2713 subjicit.
1416 2636 1672 2713 Appenso
1686 2638 1860 2712 capite
1875 2649 2137 2695 truncum
2155 2659 2279 2696 cor·

239 2735 346 2794 pus
360 2717 419 2774 in
433 2715 648 2773 theatro
669 2716 844 2793 jacet,
884 2717 1091 2793 pyxide
1115 2715 1180 2773 ad
1209 2717 1402 2791 stipem
1435 2716 1804 2794 colligendam
1827 2719 1988 2791 juxta
2016 2719 2278 2793 apposita,

237 2814 351 2874 qua
368 2794 653 2870 sepeliatur
667 2795 844 2852 homo
860 2797 954 2855 vix
972 2797 1151 2871 impar
1165 2813 1361 2873 regum
1378 2794 1667 2873 supercilio
1685 2834 1700 2860 ,
1730 2797 1937 2874 quippe
1966 2795 2122 2872 cujus
2133 2796 2279 2859 arbi·

238 2876 352 2933 trio
370 2876 496 2932 Rex
513 2871 636 2932 suus
653 2875 968 2950 imperaret.
1817 2904 1826 2909 -

322 2956 474 3031 Ergo
491 2954 738 3012 maxima
756 2954 927 3011 virtus
945 2952 1019 3010 est
1034 2950 1310 3031 negligere
1321 2952 1560 3032 gloriam
1580 2975 1593 3011 :
1638 2971 1818 3031 neque
1852 2972 2055 3033 magna
2069 2953 2184 3017 laus
2197 2953 2275 3014 est

237 3032 456 3092 ambire
468 3031 692 3089 laudem
709 3050 832 3109 quae
850 3032 1023 3110 magis
1036 3028 1279 3108 sequitur
1293 3031 1626 3111 fugientem.

319 3109 681 3169 Concluierat
712 3109 1103 3186 Alethophilus
1120 3137 1140 3180 3
1182 3130 1314 3168 cum
1364 3111 1646 3169 Macrinus
1685 3109 2009 3187 applaudens
2041 3111 2274 3175 dicenti.

243 3207 377 3246 eum
392 3191 608 3266 rogavit
621 3230 638 3253 ‚
678 3203 743 3246 ut
769 3209 885 3267 quo
916 3202 1161 3267 coeperat
1176 3191 1313 3264 pede
1328 3186 1579 3268 pergeret
1599 3229 1616 3254 ,
1632 3192 1685 3248 &
1703 3188 1967 3246 indefess‘o
1981 3191 2181 3267 linguae
2195 3190 2274 3250 fa·

246 3266 463 3324 mulatu
482 3268 794 3325 institutum
809 3266 1228 3345 prosequeretur
1258 3266 1592 3326 sermonem.
1649 3266 2036 3343 Alethophilus
2063 3270 2276 3345 perstri-

243 3346 368 3404 &us
382 3345 596 3407 honore
610 3345 908 3404 verborum
926 3345 1195 3405 sermonis
1209 3343 1290 3404 sui
1313 3344 1470 3405 filum
1491 3365 1607 3404 non
1625 3347 1838 3425 ingrata
1853 3360 2020 3410 certe,
2035 3362 2129 3404 aut
2145 3350 2274 3424 pin-

237 3424 337 3501 gui
358 3425 609 3481 Minerva
625 3424 701 3480 ita
713 3425 967 3491 retexuit,
977 3426 1172 3499 ceteris
1185 3422 1608 3483 auscultantibus
1627 3424 1844 3482 secundi
1853 3424 2021 3482 ffimis
2036 3426 2270 3488 auribus.

328 3501 716 3561 ambitionem
735 3503 1062 3580 intrajustos
1082 3522 1324 3561 carceres
1341 3522 1630 3581 nunquam
1648 3504 1795 3580 poffe
1808 3505 2195 3570 continersssed
2214 3509 2276 3564 in

244 3578 603 3639 insolentiam
634 3597 747 3637 non
762 3580 900 3638 'raro
915 3600 1203 3658 erumpere
1222 3582 1362 3640 mihi
1380 3596 1628 3640 veterum
1649 3597 1795 3641 retro
1810 3595 2035 3641 aetatum
2054 3603 2272 3641 memo·

241 3659 385 3717 riam
401 3659 672 3735 oepetenti
686 3676 855 3735 quam
870 3659 1361 3735 plurimaamundi
1376 3661 1530 3718 cunis
1548 3660 1803 3737 exempla
1819 3662 2270 3739 comprobarunt.

243 3737 396 3793 Nam
418 3739 475 3796 δι
488 3736 748 3794 mortales
762 3738 1048 3797 immensae
1067 3739 1230 3797 molis
1251 3738 1618 3814 Phlegraeisin
1634 3740 1866 3816 campis,
1883 3739 2280 3815 Thcss'aliaeque

237 3814 479 3876 vallibus
488 3814 736 3881 adversus
750 3816 1098 3883 immortales
1113 3817 1327 3880 bellaffe
1341 3818 1658 3883 commenti
1677 3817 1821 3879 sunt.
1869 3820 2077 3891 Verum
2094 3814 2160 3879 ab
2179 3833 2282 3872 axe
2328 3885 2335 3895 ‚

1242 3896 1305 3963 X
1326 3914 1360 3954 Χ
1395 3914 1447 3973 9
2102 3909 2280 3973 quem
