2738 4475
881 299 1636 374 Paasvl.
1866 316 1869 319 ’
2106 301 2247 397 699

214 444 336 504 quae
362 419 682 483 universum
714 435 888 497 genus
918 418 1221 477 hominum
1239 419 1413 495 primi
1430 415 1854 494 praevaricatoris
1868 428 2088 476 tumore
2099 422 2249 477 affla-

214 508 314 567 vit,
332 502 583 582 quidum
602 498 953 556 divinitatem
971 515 1158 574 rapere
1175 499 1351 555 voluit
1365 536 1383 561 ,
1398 496 1637 572 perdidit
1652 494 2016 555 foelicitatem.
2055 499 2137 554 Ex
2154 499 2252 556 illo·

379 578 612 639 Ambitio
630 593 807 652 gentes
838 580 1013 652 agitat
1041 575 1233 650 vesana
1251 572 1520 652 ficperbac.

216 661 457 720 Annales
473 660 596 736 quis
612 655 849 714 vestrum
869 657 1004 732 legit
1020 695 1037 720 ,
1079 658 1135 713 δι
1166 654 1230 712 ad
1249 654 1487 711 maximi
1506 655 1723 730 tyranni
1744 655 2117 729 impotentem
2137 654 2258 712 libi·

216 743 415 798 dinem
433 757 547 795 uon
564 736 818 793 horruit?
841 735 1203 812 Septennium
1221 733 1368 789 orbis
1388 733 1684 806 imperium
1703 731 1930 810 gesserat
1944 734 2263 802 Gratianus.

217 818 518 877 Christiani
551 815 812 872 delicium
833 852 849 877 ,
881 819 936 871 &
965 809 1343 870 Theodosium
1379 812 1447 868 ad
1464 810 1670 869 summi
1688 813 2029 889 principatus
2040 810 2265 869 consor-

218 900 369 956 tium
404 893 708 955 adsciverat.
766 895 1050 951 Maximus
1084 889 1249 968 quise
1264 888 1581 947 Theodosio
1599 908 1711 948 non
1728 891 2000 966 imparem
2020 930 2037 956 ,
2073 889 2270 950 iisdem

215 970 530 1035 honoribus
546 1014 562 1038 ‚
580 972 779 1029 eodem
794 972 953 1029 domi
975 1009 989 1035 ,
1008 971 1251 1047 forisq‘ue
1268 969 1555 1046 splendore
1574 1008 1589 1033 ‚
1603 981 1771 1048 gente
1783 971 1916 1045 pari,
1940 969 2160 1046 paribus
2176 988 2266 1027 re·-

218 1075 348 1112 rum
368 1054 638 1133 gestarum
657 1050 1001 1109 ornamentis
1016 1050 1283 1108 illustrem
1318 1048 1605 1123 reputabat
1620 1088 1638 1112 ,
1678 1051 1946 1107 continuo
1984 1048 2264 1107 ultionem

215 1134 472 1191 anhelare
507 1170 524 1196 ,
556 1131 706 1209 quod
750 1133 1063 1206 Imperator·
1085 1127 1296 1186 scilicet
1324 1140 1409 1182 tot
1436 1128 1834 1203 stipendiorum
1854 1126 2095 1186 militem
2116 1146 2266 1186 novo

213 1212 439 1271 homini
458 1209 822 1287 praevertisset.
867 1213 1060 1286 ltaque
1074 1207 1257 1282 copias
1273 1206 1497 1264 instruit
1509 1244 1527 1268 ‚
1549 1206 1692 1263 adest
1709 1207 1769 1263 in
1785 1225 2004 1283 campo,
2021 1210 2263 1265 Germa-

217 1293 371 1349 niam
392 1288 712 1366 populatur,
729 1289 986 1347 Treviros
1001 1298 1238 1364 occupat
1254 1321 1270 1344 .
1291 1287 1346 1344 δι
1362 1284 1472 1342 hoc
1490 1284 1733 1361 designat
1748 1285 2140 1360 perduellionis
2161 1326 2178 1350 ,
2195 1304 2262 1343 ae

219 1369 431 1428 scelesti
449 1370 786 1446 principatus
804 1366 1180 1424 domicilium.
1228 1363 1471 1421 Perculit
1487 1383 1549 1421 ea
1563 1383 1647 1420 res
1662 1366 1992 1423 Gratianum
2010 1405 2027 1431 ,
2038 1361 2135 1442 qui
2154 1365 2266 1422 ho·

221 1451 442 1506 minem
472 1446 804 1504 dominandi
834 1444 1065 1501 libidine
1096 1442 1435 1518 praecipitem
1467 1443 1690 1519 imperii
1721 1443 1805 1500 sui
1837 1443 2025 1501 videns
2067 1444 2261 1503 moliri

219 1527 526 1602 perniciem
546 1561 565 1584 ‚
588 1523 825 1600 serpenti
846 1523 1087 1579 flammae
1098 1519 1502 1579 occurrendum
1519 1534 1684 1584 ratus,
1712 1524 2020 1581 exercitum
2037 1540 2269 1598 compa·

222 1618 341 1669 rat,
362 1622 423 1662 ac
441 1603 615 1661 fertur
630 1604 691 1658 in
707 1601 938 1659 hostem.
997 1601 1233 1678 AEquior
1250 1601 1432 1677 prima
1449 1598 1634 1658 fronte
1653 1603 1801 1658 Mars
1816 1603 2098 1659 Gratiano.
2140 1605 2268 1659 Ma·

229 1703 344 1762 gna
358 1680 516 1759 pubis
530 1679 730 1738 Italicae
748 1719 764 1744 ,
793 1697 995 1757 magna
1009 1679 1335 1737 Pannonum
1352 1717 1368 1742 ,
1399 1678 1710 1756 Gallicique
1738 1680 1955 1738 roboris
1977 1679 2119 1737 faeta
2147 1683 2266 1736 Ro-
2335 1703 2340 1710 ·

228 1763 411 1820 manis
429 1758 745 1839 legionibus
758 1756 997 1816 accessio.
1054 1757 1318 1815 Exultans
1350 1759 1560 1816 interea
1589 1759 1873 1816 Maximus
1890 1758 2139 1836 proludit
2155 1762 2268 1815 im-

228 1839 554 1898 manissimae
570 1838 950 1905 dimicationi,
992 1835 1233 1893 militem
1266 1838 1593 1895 Romanum
1626 1838 1894 1895 Gratiano
1926 1839 2116 1893 minus
2139 1855 2260 1915 gra-

225 1918 436 1976 tiosum
452 1915 711 1975 sollicitat
725 1955 742 1977 ‚
763 1916 826 1973 ad
841 1915 957 1973 suas
974 1929 1150 1991 partes
1166 1915 1360 1979 allicit,
1383 1914 1474 1993 spe
1489 1916 1796 1994 largitionis
1808 1917 1874 1975 ad
1892 1914 2267 1973 defeetionem

219 1996 487 2071 impellit.
560 1995 790 2053 Invidiae
821 2007 985 2070 caput
998 1995 1393 2069 ,Imperatoris
1424 1996 1484 2050 in
1535 1995 1822 2053 Pannones
1863 1994 2260 2051 benevolentia.

220 2078 376 2152 Ergo
391 2075 455 2132 ad
473 2074 643 2132 castra
659 2074 898 2132 Maximi
917 2065 1308 2150 transfugiunt.
1362 2072 1620 2130 Desertus
1639 2073 1670 2131 ὲ
1687 2073 1793 2130 suis
1809 2075 2102 2131 Gratianus
2115 2073 2266 2148 fugit

217 2154 282 2212 in
299 2153 521 2217 Gallias,
538 2171 704 2210 novas
720 2153 909 2210 scribit
926 2150 1187 2228 legiones,
1201 2154 1254 2210 &
1271 2170 1420 2208 novo
1438 2151 1653 2209 delean
1670 2152 1859 2210 habito
1876 2170 2085 2209 novum
2106 2171 2264 2208 excr-

222 2234 404 2291 citum
420 2232 658 2291 instruit.
693 2235 833 2291 Mox
852 2250 980 2288 cum
1001 2232 1268 2308 Equitum
1289 2246 1666 2288 trecentorum
1687 2232 1769 2289 ala
1785 2272 1802 2297 ,
1820 2250 1988 2308 quam
2014 2232 2263 2289 maximo

220 2313 343 2376 viae,
362 2310 737 2388 temporisque
753 2310 1094 2386 compendio
1110 2310 1454 2384 provehitur.
1502 2311 1789 2367 Maximus
1806 2348 1821 2373 ,
1839 2312 1934 2387 qui
1954 2329 2067 2367 non
2084 2313 2263 2386 impe-

222 2391 374 2447 rium
392 2391 563 2445 modo
577 2430 593 2453 ,
620 2389 707 2446 sed
724 2394 779 2446 δι
796 2386 1016 2445 Caesaris
1026 2389 1301 2463 quaerebat
1318 2390 1554 2446 exitium
1576 2429 1592 2453 ,
1623 2389 2063 2463 Andragathium
2082 2409 2261 2467 quen·

224 2468 353 2525 dam
373 2469 502 2529 vita,
520 2471 576 2523 δι
590 2466 839 2521 moribus
851 2462 931 2520 sui
949 2483 1115 2538 quam
1137 2465 1509 2527 simillimum,
1526 2471 1579 2522 δι
1599 2467 1748 2521 hunc
1771 2470 2110 2542 transfugam
2131 2469 2265 2525 mit-

221 2548 294 2605 tit
310 2585 327 2607 ‚
358 2546 455 2622 qui
490 2544 821 2600 Gratianum
852 2541 1177 2617 assequatur.
1237 2543 1584 2616 Lugdunum
1607 2546 1916 2616 Imperator
1930 2559 2265 2617 pervenerat,

215 2627 452 2703 jamque
469 2621 640 2678 aleam
659 2638 829 2697 prope
844 2638 1075 2676 omnem
1094 2617 1378 2695 effugerat,
1394 2638 1525 2675 cum
1546 2620 1950 2695 Andragathius
1969 2620 2119 2678 malo
2131 2621 2264 2677 dolo

219 2715 459 2776 occupat
474 2698 800 2776 fugientem.
835 2700 1080 2756 Noverat
1097 2697 1189 2754 ille
1205 2699 1507 2775 Augustam
1542 2695 1736 2755 Caesari
1753 2700 1856 2755 esse
1874 2698 2039 2778 longe
2070 2699 2268 2758 suavis-

226 2780 426 2839 simam
444 2819 460 2843 ,
480 2782 535 2836 δε
552 2775 788 2834 alterum
806 2776 1025 2834 alterius
1040 2774 1302 2833 desiderio
1322 2778 1533 2834 mirum
1550 2791 1821 2853 quantum
1844 2780 2017 2836 teneri
2038 2806 2056 2848 3
2100 2794 2163 2835 ut
2176 2799 2268 2836 er·

220 2878 301 2939 go
318 2856 671 2934 Imperatoris
690 2855 836 2933 fugae
853 2874 1034 2912 moras
1052 2855 1295 2912 rie-&eret
1312 2895 1327 2920 ,
1343 2855 1667 2914 adulterinas
1681 2856 1827 2933 quali
1846 2856 1874 2915 :i
1891 2859 2131 2935 conjuge
2147 2862 2264 2916 Au-

272 2939 386 2994 usta
401 2935 688 3014 consignat
702 2934 927 2998 litteras,
947 2932 1054 2990 hoc
1069 2933 1346 3009 exemp10,
1363 2935 1631 2992 nimirum
1651 2934 1797 2993 illius
1813 2935 2112 3012 absentiam
2131 2957 2266 3015 pro-

221 2959 393 3075 fixius
411 3015 554 3073 ferre
572 3032 684 3071 non
699 3011 864 3087 posse,
885 3012 962 3069 ibi
981 3010 1206 3070 salutem
1226 3010 1380 3071 suam
1397 3014 1698 3089 periclitari
1715 3053 1732 3079 ,
1763 3015 1911 3072 unde
1929 3015 2022 3073 ille
2035 3016 2261 3074 abess‘ct:

220 3097 440 3173 placere
456 3095 553 3152 fibi
578 3091 819 3169 ejusdem
839 3090 1074 3149 fortunae
1087 3091 1192 3147 effe
1205 3088 1406 3150 sociam
1432 3120 1449 3163 ;
1491 3093 1752 3169 tantisper
1765 3092 2088 3158 subsisteret,
2125 3094 2270 3158 dum.

224 3174 567 3250 Lugdunum
587 3191 699 3229 non
718 3170 933 3247 magnis
951 3169 1369 3245 impedimentis
1387 3190 1518 3229 eum
1537 3172 1921 3249 assequeretur.
1963 3174 2182 3230 Fra6tus
2197 3193 2267 3231 ea

225 3252 449 3327 epistola
462 3253 754 3309 Gratianus
769 3249 905 3328 quid
921 3250 1112 3328 agitet,
1129 3252 1182 3308 &
1198 3250 1339 3326 quid
1350 3250 1572 3307 concilii
1590 3253 1770 3326 capiat
1787 3253 1806 3306 ?
1824 3250 2064 3308 desistat?
2081 3254 2264 3310 Hostis

228 3332 516 3389 imminet.
578 3331 950 3406 Regrediatur
980 3328 1049 3385 ad
1085 3329 1385 3406 conjugem
1408 3330 1429 3381 ?
1471 3328 1688 3385 Insidias
1718 3330 2002 3403 timetjam
2027 3332 2274 3397 struEtaS.

220 3410 341 3487 jam
361 3423 583 3484 paratas.
642 3409 770 3465 Urit
787 3409 1111 3487 Gratianum
1131 3407 1266 3465 salus
1283 3407 1540 3484 Augustae
1579 3407 1648 3464 de
1680 3406 1843 3484 ipsius
1860 3409 2101 3482 periculo
2118 3406 2269 3467 solli-

231 3489 431 3546 citum.
471 3487 724 3544 Tandem
746 3486 920 3544 vincit
937 3487 1212 3544 invidiam
1231 3486 1489 3561 conjugis
1503 3505 1665 3543 amor
1680 3525 1694 3551 ,
1728 3490 1883 3557 cuius
1899 3489 1957 3544 in
1977 3504 2129 3546 metu
2149 3488 2272 3547 nus-

233 3584 407 3643 quam
423 3563 682 3629 sedato,&
693 3562 821 3621 satis
837 3566 1148 3642 composito
1162 3566 1358 3622 animo
1372 3564 1475 3621 css‘e
1492 3568 1679 3640 potest.
1710 3566 1955 3625 Subfistit
1965 3586 2101 3647 ergo
2120 3572 2272 3646 Lug-

234 3646 368 3703 duni
388 3684 403 3709 ,
435 3647 490 3703 &
519 3643 745 3699 modico
760 3641 966 3701 ibidem
985 3646 1254 3701 comitatu
1275 3643 1366 3702 dat
1400 3642 1507 3701 sese
1530 3663 1715 3702 morae.
1775 3647 2009 3705 Interim
2039 3648 2241 3706 accidit
2254 3685 2281 3707 .

236 3739 304 3781 ut
319 3724 455 3780 dum
475 3721 665 3778 lustrat
679 3720 923 3798 legiones
939 3761 955 3787 ,
972 3722 1197 3779 rhedam
1219 3725 1277 3780 in
1295 3726 1383 3779 via
1398 3725 1614 3781 eminus
1627 3724 2142 3802 comprehenderet,
2160 3730 2271 3783 Au-

235 3802 444 3893 gustale
455 3815 617 3880 putat
632 3799 941 3859 satellitium
963 3841 979 3869 ,
1007 3804 1213 3861 emicat
1246 3803 1303 3859 in
1333 3820 1599 3877 campum
1616 3803 1772 3861 cursu
1790 3823 1958 3880 quam
1975 3805 2240 3862 citiffimo
2255 3829 2278 3872 ς,

232 3882 324 3941 ied
358 3882 453 3941 vix
485 3880 582 3938 ille
608 3881 676 3939 ad
704 3878 931 3939 rhedam
954 3922 971 3949 ,
1010 3900 1142 3942 cum
1182 3880 1393 3941 sceleris
1417 3882 1721 3942 administri
1741 3881 2044 3959 improviso
2060 3900 2187 3938 eum
2209 3883 2280 3942 ad

2087 3979 2279 4020 oriun-
