<?xml version="1.0" encoding="UTF-8"?>
<!DOCTYPE html PUBLIC "-//W3C//DTD XHTML 1.0 Transitional//EN"
    "http://www.w3.org/TR/xhtml1/DTD/xhtml1-transitional.dtd">
<html xmlns="http://www.w3.org/1999/xhtml" xml:lang="en" lang="en">
 <head>
  <title>
</title>
<meta http-equiv="Content-Type" content="text/html;charset=utf-8" />
  <meta name='ocr-system' content='tesseract 3.04.00' />
  <meta name='ocr-capabilities' content='ocr_page ocr_carea ocr_par ocr_line ocrx_word'/>
</head>
<body>
  <div class='ocr_page' id='page_1' title='image "./euphormionislus00barcgoog_0054.png"; bbox 0 0 2738 4475; ppageno 0'>
   <div class='ocr_carea' id='block_1_1' title="bbox 426 148 2662 2939">
    <p class='ocr_par' dir='ltr' id='par_1_1' title="bbox 426 148 2662 2939">
     <span class='ocr_line' id='line_1_1' title="bbox 519 148 2058 263; baseline -0.001 -35"><span class='ocrx_word' id='word_1_1' title='bbox 519 169 618 255; x_wconf 64' lang='lat'>¹4</span> <span class='ocrx_word' id='word_1_2' title='bbox 996 149 1507 229; x_wconf 57' lang='lat' dir='ltr'>Eunaeum.</span> <span class='ocrx_word' id='word_1_3' title='bbox 1559 148 2058 263; x_wconf 56' lang='lat' dir='ltr'>§arar-‘ruet</span> 
     </span>
     <span class='ocr_line' id='line_1_2' title="bbox 499 253 2563 369; baseline -0.001 -26"><span class='ocrx_word' id='word_1_4' title='bbox 499 325 513 333; x_wconf 81' lang='lat'>-</span> <span class='ocrx_word' id='word_1_5' title='bbox 604 271 724 343; x_wconf 84' lang='lat' dir='ltr'>Me</span> <span class='ocrx_word' id='word_1_6' title='bbox 761 291 971 342; x_wconf 88' lang='lat' dir='ltr'>autem</span> <span class='ocrx_word' id='word_1_7' title='bbox 1011 294 1156 342; x_wconf 84' lang='lat' dir='ltr'>cum</span> <span class='ocrx_word' id='word_1_8' title='bbox 1192 268 1300 341; x_wconf 86' lang='lat' dir='ltr'>sub</span> <span class='ocrx_word' id='word_1_9' title='bbox 1317 266 1582 344; x_wconf 59' lang='lat' dir='ltr'>noetem</span> <span class='ocrx_word' id='word_1_10' title='bbox 1605 273 1799 365; x_wconf 75' lang='lat' dir='ltr'>iejun‘i</span> <span class='ocrx_word' id='word_1_11' title='bbox 1816 272 2078 345; x_wconf 83' lang='lat' dir='ltr'>cerebro</span> <span class='ocrx_word' id='word_1_12' title='bbox 2092 256 2344 369; x_wconf 77' lang='lat' dir='ltr'>spiritus</span> <span class='ocrx_word' id='word_1_13' title='bbox 2362 253 2563 341; x_wconf 68' lang='lat' dir='ltr'>defi-³</span> 
     </span>
     <span class='ocr_line' id='line_1_3' title="bbox 498 367 2662 470; baseline -0.001 -28"><span class='ocrx_word' id='word_1_14' title='bbox 498 393 744 447; x_wconf 76' lang='lat' dir='ltr'>terent,</span> <span class='ocrx_word' id='word_1_15' title='bbox 764 392 885 439; x_wconf 85' lang='lat' dir='ltr'>nee</span> <span class='ocrx_word' id='word_1_16' title='bbox 902 369 1118 440; x_wconf 89' lang='lat' dir='ltr'>tamin</span> <span class='ocrx_word' id='word_1_17' title='bbox 1137 372 1480 441; x_wconf 83' lang='lat' dir='ltr'>amentiam</span> <span class='ocrx_word' id='word_1_18' title='bbox 1500 367 1912 444; x_wconf 65' lang='lat' dir='ltr'>deficererem</span> <span class='ocrx_word' id='word_1_19' title='bbox 1931 396 2122 470; x_wconf 80' lang='lat' dir='ltr'>quarn</span> <span class='ocrx_word' id='word_1_20' title='bbox 2140 373 2204 440; x_wconf 88' lang='lat' dir='ltr'>in</span> <span class='ocrx_word' id='word_1_21' title='bbox 2219 388 2549 451; x_wconf 78' lang='lat' dir='ltr'>mortem,</span> <span class='ocrx_word' id='word_1_22' title='bbox 2655 446 2662 449; x_wconf 54' lang='grc'><strong>,</strong></span> 
     </span>
     <span class='ocr_line' id='line_1_4' title="bbox 502 450 2547 569; baseline -0.001 -29"><span class='ocrx_word' id='word_1_23' title='bbox 502 466 793 569; x_wconf 83' lang='lat' dir='ltr'>copiosus</span> <span class='ocrx_word' id='word_1_24' title='bbox 811 468 986 536; x_wconf 86' lang='lat' dir='ltr'>cibus</span> <span class='ocrx_word' id='word_1_25' title='bbox 1004 467 1240 538; x_wconf 82' lang='lat' dir='ltr'>ditibus</span> <span class='ocrx_word' id='word_1_26' title='bbox 1259 471 1483 540; x_wconf 84' lang='lat' dir='ltr'>allatus</span> <span class='ocrx_word' id='word_1_27' title='bbox 1503 468 1891 569; x_wconf 85' lang='lat' dir='ltr'>sportulis,&amp;</span> <span class='ocrx_word' id='word_1_28' title='bbox 1915 471 2024 569; x_wconf 90' lang='lat' dir='ltr'>qui</span> <span class='ocrx_word' id='word_1_29' title='bbox 2045 493 2148 542; x_wconf 91' lang='lat' dir='ltr'>me</span> <span class='ocrx_word' id='word_1_30' title='bbox 2166 468 2243 541; x_wconf 85' lang='lat' dir='ltr'>ad</span> <span class='ocrx_word' id='word_1_31' title='bbox 2266 450 2547 540; x_wconf 78' lang='lat' dir='ltr'>vescen-</span> 
     </span>
     <span class='ocr_line' id='line_1_5' title="bbox 496 566 2548 664; baseline -0.003 -23"><span class='ocrx_word' id='word_1_32' title='bbox 496 570 656 662; x_wconf 68' lang='lat' dir='ltr'>dum</span> <span class='ocrx_word' id='word_1_33' title='bbox 690 566 1043 637; x_wconf 78' lang='lat' dir='ltr'>hortaretur</span> <span class='ocrx_word' id='word_1_34' title='bbox 1079 567 1337 638; x_wconf 63' lang='lat' dir='ltr'>reliRus</span> <span class='ocrx_word' id='word_1_35' title='bbox 1377 568 1473 640; x_wconf 86' lang='lat' dir='ltr'>est</span> <span class='ocrx_word' id='word_1_36' title='bbox 1491 576 1743 644; x_wconf 87' lang='lat' dir='ltr'>Percas.</span> <span class='ocrx_word' id='word_1_37' title='bbox 1799 575 1951 644; x_wconf 82' lang='lat' dir='ltr'>Erat</span> <span class='ocrx_word' id='word_1_38' title='bbox 1973 570 2065 639; x_wconf 88' lang='lat' dir='ltr'>vir</span> <span class='ocrx_word' id='word_1_39' title='bbox 2086 568 2329 640; x_wconf 87' lang='lat' dir='ltr'>mitiori</span> <span class='ocrx_word' id='word_1_40' title='bbox 2343 569 2548 664; x_wconf 68' lang='lat' dir='ltr'>ingea</span> 
     </span>
     <span class='ocr_line' id='line_1_6' title="bbox 502 660 2544 765; baseline -0.002 -28"><span class='ocrx_word' id='word_1_41' title='bbox 502 671 616 742; x_wconf 82' lang='lat' dir='ltr'>nio</span> <span class='ocrx_word' id='word_1_42' title='bbox 634 721 655 749; x_wconf 88' lang='lat'><strong>,</strong></span> <span class='ocrx_word' id='word_1_43' title='bbox 708 672 1123 763; x_wconf 68' lang='lat' dir='ltr'>naturamque</span> <span class='ocrx_word' id='word_1_44' title='bbox 1155 664 1327 738; x_wconf 86' lang='lat' dir='ltr'>suam</span> <span class='ocrx_word' id='word_1_45' title='bbox 1364 692 1580 763; x_wconf 85' lang='lat' dir='ltr'>parum</span> <span class='ocrx_word' id='word_1_46' title='bbox 1602 670 1667 740; x_wconf 89' lang='lat' dir='ltr'>in</span> <span class='ocrx_word' id='word_1_47' title='bbox 1686 666 1915 741; x_wconf 86' lang='lat' dir='ltr'>scelera</span> <span class='ocrx_word' id='word_1_48' title='bbox 1933 669 2320 765; x_wconf 82' lang='lat' dir='ltr'>detorquens</span> <span class='ocrx_word' id='word_1_49' title='bbox 2338 714 2362 750; x_wconf 84' lang='lat'>‚</span> <span class='ocrx_word' id='word_1_50' title='bbox 2415 660 2544 735; x_wconf 82' lang='lat' dir='ltr'>nisi</span> 
     </span>
     <span class='ocr_line' id='line_1_7' title="bbox 497 764 2549 861; baseline -0 -28"><span class='ocrx_word' id='word_1_51' title='bbox 497 767 540 840; x_wconf 80' lang='lat' dir='ltr'>fi</span> <span class='ocrx_word' id='word_1_52' title='bbox 564 764 901 861; x_wconf 87' lang='lat' dir='ltr'>plurimum</span> <span class='ocrx_word' id='word_1_53' title='bbox 919 765 1323 861; x_wconf 82' lang='lat' dir='ltr'>expediebat.</span> <span class='ocrx_word' id='word_1_54' title='bbox 1373 766 1495 839; x_wconf 89' lang='lat' dir='ltr'>llle</span> <span class='ocrx_word' id='word_1_55' title='bbox 1514 792 1620 838; x_wconf 89' lang='lat' dir='ltr'>me</span> <span class='ocrx_word' id='word_1_56' title='bbox 1636 792 1702 839; x_wconf 90' lang='lat' dir='ltr'>ut</span> <span class='ocrx_word' id='word_1_57' title='bbox 1719 766 2129 839; x_wconf 83' lang='lat' dir='ltr'>consalutavit</span> <span class='ocrx_word' id='word_1_58' title='bbox 2150 811 2173 845; x_wconf 81' lang='lat'>,</span> <span class='ocrx_word' id='word_1_59' title='bbox 2212 766 2549 861; x_wconf 85' lang='lat' dir='ltr'>thoroque</span> 
     </span>
     <span class='ocr_line' id='line_1_8' title="bbox 498 857 2553 967; baseline -0.004 -28"><span class='ocrx_word' id='word_1_60' title='bbox 498 888 650 939; x_wconf 82' lang='lat' dir='ltr'>meo</span> <span class='ocrx_word' id='word_1_61' title='bbox 666 863 927 933; x_wconf 87' lang='lat' dir='ltr'>reclinis</span> <span class='ocrx_word' id='word_1_62' title='bbox 945 863 1184 935; x_wconf 80' lang='lat' dir='ltr'>remisit</span> <span class='ocrx_word' id='word_1_63' title='bbox 1204 865 1456 937; x_wconf 86' lang='lat' dir='ltr'>vincula</span> <span class='ocrx_word' id='word_1_64' title='bbox 1475 914 1501 950; x_wconf 87' lang='lat'><strong>,</strong></span> <span class='ocrx_word' id='word_1_65' title='bbox 1535 874 1599 939; x_wconf 75' lang='grc' dir='ltr'>δι</span> <span class='ocrx_word' id='word_1_66' title='bbox 1625 866 2037 967; x_wconf 64' lang='lat' dir='ltr'>oppessulatas</span> <span class='ocrx_word' id='word_1_67' title='bbox 2060 857 2229 935; x_wconf 89' lang='lat' dir='ltr'>fores</span> <span class='ocrx_word' id='word_1_68' title='bbox 2255 864 2553 959; x_wconf 82' lang='lat' dir='ltr'>diligen-</span> 
     </span>
     <span class='ocr_line' id='line_1_9' title="bbox 426 960 2555 1062; baseline -0.003 -25"><span class='ocrx_word' id='word_1_69' title='bbox 426 1024 429 1027; x_wconf 21' lang='lat'>*</span> <span class='ocrx_word' id='word_1_70' title='bbox 499 965 625 1037; x_wconf 88' lang='lat' dir='ltr'>tius</span> <span class='ocrx_word' id='word_1_71' title='bbox 646 963 877 1035; x_wconf 88' lang='lat' dir='ltr'>muniit</span> <span class='ocrx_word' id='word_1_72' title='bbox 895 1008 920 1042; x_wconf 86' lang='lat'>,</span> <span class='ocrx_word' id='word_1_73' title='bbox 978 965 1187 1062; x_wconf 78' lang='lat' dir='ltr'>coepit</span> <span class='ocrx_word' id='word_1_74' title='bbox 1208 963 1454 1035; x_wconf 86' lang='lat' dir='ltr'>uberius</span> <span class='ocrx_word' id='word_1_75' title='bbox 1477 963 1671 1037; x_wconf 71' lang='lat' dir='ltr'>fleret</span> <span class='ocrx_word' id='word_1_76' title='bbox 1731 967 2001 1040; x_wconf 82' lang='lat' dir='ltr'>necdum</span> <span class='ocrx_word' id='word_1_77' title='bbox 2020 986 2237 1034; x_wconf 86' lang='lat' dir='ltr'>tamen</span> <span class='ocrx_word' id='word_1_78' title='bbox 2257 960 2555 1057; x_wconf 86' lang='lat' dir='ltr'>synceri-</span> 
     </span>
     <span class='ocr_line' id='line_1_10' title="bbox 496 1056 2554 1163; baseline -0.004 -28"><span class='ocrx_word' id='word_1_79' title='bbox 496 1062 650 1135; x_wconf 88' lang='lat' dir='ltr'>tatis</span> <span class='ocrx_word' id='word_1_80' title='bbox 692 1056 928 1133; x_wconf 80' lang='lat' dir='ltr'>fecerat</span> <span class='ocrx_word' id='word_1_81' title='bbox 949 1060 1143 1134; x_wconf 89' lang='lat' dir='ltr'>fidem</span> <span class='ocrx_word' id='word_1_82' title='bbox 1160 1110 1186 1146; x_wconf 86' lang='lat'>‚</span> <span class='ocrx_word' id='word_1_83' title='bbox 1234 1086 1529 1163; x_wconf 78' lang='lat' dir='ltr'>novoque</span> <span class='ocrx_word' id='word_1_84' title='bbox 1545 1065 1912 1158; x_wconf 78' lang='lat' dir='ltr'>cogitabam</span> <span class='ocrx_word' id='word_1_85' title='bbox 1933 1056 2206 1135; x_wconf 86' lang='lat' dir='ltr'>ludibrio</span> <span class='ocrx_word' id='word_1_86' title='bbox 2223 1057 2554 1158; x_wconf 66' lang='lat' dir='ltr'>suspeetas</span> 
     </span>
     <span class='ocr_line' id='line_1_11' title="bbox 503 1159 2558 1258; baseline -0.002 -25"><span class='ocrx_word' id='word_1_87' title='bbox 503 1159 731 1235; x_wconf 83' lang='lat' dir='ltr'>saevire</span> <span class='ocrx_word' id='word_1_88' title='bbox 768 1160 1106 1232; x_wconf 86' lang='lat' dir='ltr'>blanditias</span> <span class='ocrx_word' id='word_1_89' title='bbox 1126 1194 1151 1253; x_wconf 79' lang='lat'>3</span> <span class='ocrx_word' id='word_1_90' title='bbox 1189 1186 1332 1233; x_wconf 90' lang='lat' dir='ltr'>cum</span> <span class='ocrx_word' id='word_1_91' title='bbox 1367 1160 1739 1258; x_wconf 84' lang='lat' dir='ltr'>prehensam</span> <span class='ocrx_word' id='word_1_92' title='bbox 1780 1181 2042 1236; x_wconf 87' lang='lat' dir='ltr'>manum</span> <span class='ocrx_word' id='word_1_93' title='bbox 2079 1162 2355 1233; x_wconf 88' lang='lat' dir='ltr'>tenerius</span> <span class='ocrx_word' id='word_1_94' title='bbox 2378 1183 2558 1229; x_wconf 86' lang='lat' dir='ltr'>con·</span> 
     </span>
     <span class='ocr_line' id='line_1_12' title="bbox 504 1254 2557 1360; baseline -0.003 -28"><span class='ocrx_word' id='word_1_95' title='bbox 504 1260 798 1344; x_wconf 83' lang='lat' dir='ltr'>cutiens,</span> <span class='ocrx_word' id='word_1_96' title='bbox 851 1258 1053 1332; x_wconf 82' lang='lat' dir='ltr'>Nosti</span> <span class='ocrx_word' id='word_1_97' title='bbox 1089 1285 1236 1344; x_wconf 83' lang='lat' dir='ltr'>me,</span> <span class='ocrx_word' id='word_1_98' title='bbox 1274 1261 1527 1358; x_wconf 83' lang='lat' dir='ltr'>inquit,</span> <span class='ocrx_word' id='word_1_99' title='bbox 1573 1262 2030 1360; x_wconf 77' lang='lat' dir='ltr'>Euphormio?</span> <span class='ocrx_word' id='word_1_100' title='bbox 2085 1264 2236 1359; x_wconf 84' lang='lat' dir='ltr'>Ego</span> <span class='ocrx_word' id='word_1_101' title='bbox 2267 1256 2400 1329; x_wconf 90' lang='lat' dir='ltr'>sum</span> <span class='ocrx_word' id='word_1_102' title='bbox 2430 1254 2557 1358; x_wconf 77' lang='lat' dir='ltr'>qui</span> 
     </span>
     <span class='ocr_line' id='line_1_13' title="bbox 499 1358 2552 1458; baseline -0.003 -26"><span class='ocrx_word' id='word_1_103' title='bbox 499 1358 926 1432; x_wconf 81' lang='lat' dir='ltr'>heridomino</span> <span class='ocrx_word' id='word_1_104' title='bbox 946 1359 1235 1431; x_wconf 81' lang='lat' dir='ltr'>Gallioni</span> <span class='ocrx_word' id='word_1_105' title='bbox 1255 1358 1539 1458; x_wconf 75' lang='lat' dir='ltr'>persuasi,</span> <span class='ocrx_word' id='word_1_106' title='bbox 1565 1384 1632 1432; x_wconf 89' lang='lat' dir='ltr'>ut</span> <span class='ocrx_word' id='word_1_107' title='bbox 1649 1384 1714 1433; x_wconf 92' lang='lat' dir='ltr'>te</span> <span class='ocrx_word' id='word_1_108' title='bbox 1731 1363 1798 1432; x_wconf 91' lang='lat' dir='ltr'>in</span> <span class='ocrx_word' id='word_1_109' title='bbox 1819 1358 2127 1432; x_wconf 88' lang='lat' dir='ltr'>familiam</span> <span class='ocrx_word' id='word_1_110' title='bbox 2146 1360 2220 1429; x_wconf 87' lang='lat' dir='ltr'>ad</span> <span class='ocrx_word' id='word_1_111' title='bbox 2229 1360 2552 1429; x_wconf 84' lang='lat' dir='ltr'>mitterer.</span> 
     </span>
     <span class='ocr_line' id='line_1_14' title="bbox 503 1454 2553 1558; baseline -0.003 -28"><span class='ocrx_word' id='word_1_112' title='bbox 503 1464 691 1530; x_wconf 86' lang='lat' dir='ltr'>Itane</span> <span class='ocrx_word' id='word_1_113' title='bbox 712 1459 740 1529; x_wconf 65' lang='grc' dir='ltr'><strong>ἓ</strong></span> <span class='ocrx_word' id='word_1_114' title='bbox 759 1458 1048 1554; x_wconf 61' lang='lat' dir='ltr'>inquam}</span> <span class='ocrx_word' id='word_1_115' title='bbox 1095 1456 1164 1528; x_wconf 72' lang='lat' dir='ltr'>t&#39;u</span> <span class='ocrx_word' id='word_1_116' title='bbox 1180 1457 1442 1558; x_wconf 89' lang='lat' dir='ltr'>quidem</span> <span class='ocrx_word' id='word_1_117' title='bbox 1460 1458 1654 1533; x_wconf 86' lang='lat' dir='ltr'>habes</span> <span class='ocrx_word' id='word_1_118' title='bbox 1673 1454 2324 1533; x_wconf 80' lang='lat' dir='ltr'>tristiffimibeneficii</span> <span class='ocrx_word' id='word_1_119' title='bbox 2339 1479 2553 1529; x_wconf 49' lang='lat' dir='ltr'>reum*</span> 
     </span>
     <span class='ocr_line' id='line_1_15' title="bbox 505 1552 2556 1658; baseline -0.003 -29"><span class='ocrx_word' id='word_1_120' title='bbox 505 1557 638 1629; x_wconf 81' lang='lat' dir='ltr'>Sed</span> <span class='ocrx_word' id='word_1_121' title='bbox 724 1555 831 1627; x_wconf 90' lang='lat' dir='ltr'>uid</span> <span class='ocrx_word' id='word_1_122' title='bbox 866 1555 934 1626; x_wconf 88' lang='lat' dir='ltr'>in</span> <span class='ocrx_word' id='word_1_123' title='bbox 967 1554 1304 1630; x_wconf 88' lang='lat' dir='ltr'>dominum</span> <span class='ocrx_word' id='word_1_124' title='bbox 1321 1560 1504 1631; x_wconf 86' lang='lat' dir='ltr'>omni</span> <span class='ocrx_word' id='word_1_125' title='bbox 1525 1581 1734 1658; x_wconf 91' lang='lat' dir='ltr'>ponto</span> <span class='ocrx_word' id='word_1_126' title='bbox 1753 1586 1824 1632; x_wconf 86' lang='lat' dir='ltr'>ac</span> <span class='ocrx_word' id='word_1_127' title='bbox 1844 1555 2230 1655; x_wconf 85' lang='lat' dir='ltr'>tempestate</span> <span class='ocrx_word' id='word_1_128' title='bbox 2244 1552 2556 1628; x_wconf 81' lang='lat' dir='ltr'>seriorem</span> 
     </span>
     <span class='ocr_line' id='line_1_16' title="bbox 507 1653 2554 1757; baseline -0.002 -29"><span class='ocrx_word' id='word_1_129' title='bbox 507 1655 682 1728; x_wconf 81' lang='lat' dir='ltr'>admi</span> <span class='ocrx_word' id='word_1_130' title='bbox 709 1658 776 1725; x_wconf 79' lang='lat' dir='ltr'>t?</span> <span class='ocrx_word' id='word_1_131' title='bbox 815 1676 922 1725; x_wconf 90' lang='lat' dir='ltr'>aut</span> <span class='ocrx_word' id='word_1_132' title='bbox 961 1654 1118 1754; x_wconf 86' lang='lat' dir='ltr'>quid</span> <span class='ocrx_word' id='word_1_133' title='bbox 1152 1655 1396 1757; x_wconf 91' lang='lat' dir='ltr'>deliqui</span> <span class='ocrx_word' id='word_1_134' title='bbox 1411 1679 1543 1730; x_wconf 87' lang='lat' dir='ltr'>tam</span> <span class='ocrx_word' id='word_1_135' title='bbox 1561 1661 1760 1732; x_wconf 86' lang='lat' dir='ltr'>atroci</span> <span class='ocrx_word' id='word_1_136' title='bbox 1778 1657 2092 1756; x_wconf 86' lang='lat' dir='ltr'>supplicio</span> <span class='ocrx_word' id='word_1_137' title='bbox 2111 1656 2426 1756; x_wconf 75' lang='lat' dir='ltr'>dignum?</span> <span class='ocrx_word' id='word_1_138' title='bbox 2482 1653 2554 1723; x_wconf 91' lang='lat' dir='ltr'>O</span> 
     </span>
     <span class='ocr_line' id='line_1_17' title="bbox 510 1749 2556 1854; baseline -0.004 -27"><span class='ocrx_word' id='word_1_139' title='bbox 510 1753 559 1827; x_wconf 82' lang='lat' dir='ltr'><strong>fi</strong></span> <span class='ocrx_word' id='word_1_140' title='bbox 593 1752 862 1826; x_wconf 89' lang='lat' dir='ltr'>liberum</span> <span class='ocrx_word' id='word_1_141' title='bbox 895 1752 1121 1827; x_wconf 81' lang='lat' dir='ltr'>saltem</span> <span class='ocrx_word' id='word_1_142' title='bbox 1138 1756 1455 1827; x_wconf 89' lang='lat' dir='ltr'>moriendi</span> <span class='ocrx_word' id='word_1_143' title='bbox 1478 1761 1808 1854; x_wconf 84' lang='lat' dir='ltr'>permittat</span> <span class='ocrx_word' id='word_1_144' title='bbox 1829 1756 2149 1826; x_wconf 80' lang='lat' dir='ltr'>arbitrium</span> <span class='ocrx_word' id='word_1_145' title='bbox 2171 1799 2195 1835; x_wconf 83' lang='lat'>‚</span> <span class='ocrx_word' id='word_1_146' title='bbox 2248 1774 2354 1821; x_wconf 83' lang='lat' dir='ltr'>aut</span> <span class='ocrx_word' id='word_1_147' title='bbox 2372 1749 2556 1847; x_wconf 89' lang='lat' dir='ltr'>quod</span> 
     </span>
     <span class='ocr_line' id='line_1_18' title="bbox 506 1846 2559 1952; baseline -0.004 -27"><span class='ocrx_word' id='word_1_148' title='bbox 506 1854 693 1926; x_wconf 88' lang='lat' dir='ltr'>annis</span> <span class='ocrx_word' id='word_1_149' title='bbox 726 1852 1008 1949; x_wconf 86' lang='lat' dir='ltr'>pluribus</span> <span class='ocrx_word' id='word_1_150' title='bbox 1026 1849 1187 1926; x_wconf 85' lang='lat' dir='ltr'>ferre</span> <span class='ocrx_word' id='word_1_151' title='bbox 1209 1850 1449 1952; x_wconf 88' lang='lat' dir='ltr'>possum</span> <span class='ocrx_word' id='word_1_152' title='bbox 1466 1857 1958 1924; x_wconf 71' lang='lat' dir='ltr'>in‘atrocitatem</span> <span class='ocrx_word' id='word_1_153' title='bbox 1977 1848 2235 1921; x_wconf 77' lang='lat' dir='ltr'>dieculae</span> <span class='ocrx_word' id='word_1_154' title='bbox 2254 1846 2559 1917; x_wconf 85' lang='lat' dir='ltr'>inhuma-</span> 
     </span>
     <span class='ocr_line' id='line_1_19' title="bbox 507 1944 2556 2048; baseline -0.005 -21"><span class='ocrx_word' id='word_1_155' title='bbox 507 1976 591 2027; x_wconf 85' lang='lat' dir='ltr'>na</span> <span class='ocrx_word' id='word_1_156' title='bbox 611 1949 1014 2024; x_wconf 83' lang='lat' dir='ltr'>miseratione</span> <span class='ocrx_word' id='word_1_157' title='bbox 1033 1973 1404 2046; x_wconf 85' lang='lat' dir='ltr'>componat.</span> <span class='ocrx_word' id='word_1_158' title='bbox 1459 1950 1950 2048; x_wconf 84' lang='lat' dir='ltr'>lllachrymatus</span> <span class='ocrx_word' id='word_1_159' title='bbox 1967 1947 2062 2018; x_wconf 88' lang='lat' dir='ltr'>est</span> <span class='ocrx_word' id='word_1_160' title='bbox 2086 1955 2339 2028; x_wconf 85' lang='lat' dir='ltr'>Percas,</span> <span class='ocrx_word' id='word_1_161' title='bbox 2360 1953 2424 2018; x_wconf 86' lang='lat'>&amp;</span> <span class='ocrx_word' id='word_1_162' title='bbox 2448 1944 2556 2016; x_wconf 86' lang='lat' dir='ltr'>di-</span> 
     </span>
     <span class='ocr_line' id='line_1_20' title="bbox 466 2041 2556 2150; baseline -0.003 -30"><span class='ocrx_word' id='word_1_163' title='bbox 466 2058 472 2065; x_wconf 82' lang='lat'>&#39;</span> <span class='ocrx_word' id='word_1_164' title='bbox 508 2052 683 2150; x_wconf 81' lang='lat' dir='ltr'>gitos</span> <span class='ocrx_word' id='word_1_165' title='bbox 713 2047 995 2118; x_wconf 80' lang='lat' dir='ltr'>articulis</span> <span class='ocrx_word' id='word_1_166' title='bbox 1028 2048 1365 2118; x_wconf 65' lang='lat' dir='ltr'>inuestem</span> <span class='ocrx_word' id='word_1_167' title='bbox 1385 2100 1407 2133; x_wconf 88' lang='lat'>,</span> <span class='ocrx_word' id='word_1_168' title='bbox 1443 2045 1699 2119; x_wconf 75' lang='lat' dir='ltr'>demisit</span> <span class='ocrx_word' id='word_1_169' title='bbox 1736 2048 1814 2120; x_wconf 87' lang='lat' dir='ltr'>ad</span> <span class='ocrx_word' id='word_1_170' title='bbox 1854 2045 2229 2123; x_wconf 86' lang='lat' dir='ltr'>umbilicum</span> <span class='ocrx_word' id='word_1_171' title='bbox 2265 2041 2556 2116; x_wconf 80' lang='lat' dir='ltr'>inversas</span> 
     </span>
     <span class='ocr_line' id='line_1_21' title="bbox 509 2142 2548 2247; baseline -0.001 -29"><span class='ocrx_word' id='word_1_172' title='bbox 509 2152 659 2219; x_wconf 83' lang='lat' dir='ltr'>cum</span> <span class='ocrx_word' id='word_1_173' title='bbox 697 2145 949 2215; x_wconf 87' lang='lat' dir='ltr'>lacertis</span> <span class='ocrx_word' id='word_1_174' title='bbox 998 2167 1260 2218; x_wconf 79' lang='lat' dir='ltr'>manus:</span> <span class='ocrx_word' id='word_1_175' title='bbox 1303 2168 1578 2244; x_wconf 87' lang='lat' dir='ltr'>cumque</span> <span class='ocrx_word' id='word_1_176' title='bbox 1611 2149 2003 2247; x_wconf 86' lang='lat' dir='ltr'>aliquantum</span> <span class='ocrx_word' id='word_1_177' title='bbox 2023 2142 2312 2216; x_wconf 72' lang='lat' dir='ltr'>deflesset</span> <span class='ocrx_word' id='word_1_178' title='bbox 2331 2164 2548 2216; x_wconf 86' lang='lat' dir='ltr'>meam</span> 
     </span>
     <span class='ocr_line' id='line_1_22' title="bbox 510 2239 2555 2345; baseline -0.001 -27"><span class='ocrx_word' id='word_1_179' title='bbox 510 2239 830 2322; x_wconf 86' lang='lat' dir='ltr'>miseriam</span> <span class='ocrx_word' id='word_1_180' title='bbox 863 2290 887 2325; x_wconf 87' lang='lat'>‚</span> <span class='ocrx_word' id='word_1_181' title='bbox 957 2267 1030 2314; x_wconf 89' lang='lat' dir='ltr'>ac</span> <span class='ocrx_word' id='word_1_182' title='bbox 1066 2245 1288 2315; x_wconf 83' lang='lat' dir='ltr'>multis</span> <span class='ocrx_word' id='word_1_183' title='bbox 1323 2245 1671 2345; x_wconf 86' lang='lat' dir='ltr'>gemitibus</span> <span class='ocrx_word' id='word_1_184' title='bbox 1711 2247 2126 2342; x_wconf 85' lang='lat' dir='ltr'>interpolaret</span> <span class='ocrx_word' id='word_1_185' title='bbox 2157 2245 2555 2334; x_wconf 72' lang='lat' dir='ltr'>orationem5</span> 
     </span>
     <span class='ocr_line' id='line_1_23' title="bbox 509 2338 2553 2443; baseline -0.002 -26"><span class='ocrx_word' id='word_1_186' title='bbox 509 2342 775 2417; x_wconf 84' lang='lat' dir='ltr'>tandem</span> <span class='ocrx_word' id='word_1_187' title='bbox 812 2342 1011 2416; x_wconf 87' lang='lat' dir='ltr'>veluti</span> <span class='ocrx_word' id='word_1_188' title='bbox 1041 2343 1322 2414; x_wconf 66' lang='lat' dir='ltr'>concolo</span> <span class='ocrx_word' id='word_1_189' title='bbox 1361 2343 1398 2414; x_wconf 92' lang='lat' dir='ltr'>s</span> <span class='ocrx_word' id='word_1_190' title='bbox 1393 2344 1581 2435; x_wconf 82' lang='lat' dir='ltr'>piritu</span> <span class='ocrx_word' id='word_1_191' title='bbox 1617 2344 1953 2417; x_wconf 73' lang='lat' dir='ltr'>animosius</span> <span class='ocrx_word' id='word_1_192' title='bbox 1986 2338 2317 2443; x_wconf 86' lang='lat' dir='ltr'>insurgens</span> <span class='ocrx_word' id='word_1_193' title='bbox 2342 2373 2366 2430; x_wconf 81' lang='lat'>3</span> <span class='ocrx_word' id='word_1_194' title='bbox 2420 2344 2553 2414; x_wconf 86' lang='lat' dir='ltr'>Eu·</span> 
     </span>
     <span class='ocr_line' id='line_1_24' title="bbox 513 2440 2555 2545; baseline -0.001 -32"><span class='ocrx_word' id='word_1_195' title='bbox 513 2441 852 2545; x_wconf 78' lang='lat' dir='ltr'>phormiO,</span> <span class='ocrx_word' id='word_1_196' title='bbox 907 2440 1119 2540; x_wconf 88' lang='lat' dir='ltr'>inquit</span> <span class='ocrx_word' id='word_1_197' title='bbox 1141 2486 1163 2521; x_wconf 82' lang='lat'>‚</span> <span class='ocrx_word' id='word_1_198' title='bbox 1205 2451 1267 2515; x_wconf 78' lang='grc' dir='ltr'>δι</span> <span class='ocrx_word' id='word_1_199' title='bbox 1293 2464 1361 2514; x_wconf 90' lang='lat' dir='ltr'>tu</span> <span class='ocrx_word' id='word_1_200' title='bbox 1377 2440 1592 2515; x_wconf 87' lang='lat' dir='ltr'>servus</span> <span class='ocrx_word' id='word_1_201' title='bbox 1614 2468 1682 2516; x_wconf 91' lang='lat' dir='ltr'>es</span> <span class='ocrx_word' id='word_1_202' title='bbox 1701 2495 1722 2525; x_wconf 86' lang='lat'>‚</span> <span class='ocrx_word' id='word_1_203' title='bbox 1745 2452 1809 2518; x_wconf 79' lang='grc' dir='ltr'>δι</span> <span class='ocrx_word' id='word_1_204' title='bbox 1832 2441 1984 2541; x_wconf 77' lang='lat' dir='ltr'>ego.</span> <span class='ocrx_word' id='word_1_205' title='bbox 2037 2447 2193 2541; x_wconf 78' lang='lat' dir='ltr'>Qo</span> <span class='ocrx_word' id='word_1_206' title='bbox 2213 2463 2283 2512; x_wconf 89' lang='lat' dir='ltr'>tu</span> <span class='ocrx_word' id='word_1_207' title='bbox 2303 2444 2435 2534; x_wconf 78' lang='lat' dir='ltr'>jam</span> <span class='ocrx_word' id='word_1_208' title='bbox 2453 2442 2555 2511; x_wconf 91' lang='lat' dir='ltr'>lo-</span> 
     </span>
     <span class='ocr_line' id='line_1_25' title="bbox 515 2535 2553 2642; baseline -0.002 -28"><span class='ocrx_word' id='word_1_209' title='bbox 515 2566 602 2614; x_wconf 81' lang='lat' dir='ltr'>co</span> <span class='ocrx_word' id='word_1_210' title='bbox 635 2565 704 2611; x_wconf 88' lang='lat' dir='ltr'>es</span> <span class='ocrx_word' id='word_1_211' title='bbox 724 2589 750 2625; x_wconf 87' lang='lat'>‚</span> <span class='ocrx_word' id='word_1_212' title='bbox 785 2535 1032 2638; x_wconf 83' lang='lat' dir='ltr'>possum</span> <span class='ocrx_word' id='word_1_213' title='bbox 1068 2539 1304 2613; x_wconf 89' lang='lat' dir='ltr'>deinde</span> <span class='ocrx_word' id='word_1_214' title='bbox 1340 2566 1624 2640; x_wconf 67' lang='lat' dir='ltr'>praeceps</span> <span class='ocrx_word' id='word_1_215' title='bbox 1647 2546 1790 2642; x_wconf 85' lang='lat' dir='ltr'>agi,</span> <span class='ocrx_word' id='word_1_216' title='bbox 1827 2542 1872 2614; x_wconf 81' lang='lat' dir='ltr'>s1</span> <span class='ocrx_word' id='word_1_217' title='bbox 1895 2541 2083 2612; x_wconf 86' lang='lat' dir='ltr'>herus</span> <span class='ocrx_word' id='word_1_218' title='bbox 2101 2543 2429 2631; x_wconf 80' lang='lat' dir='ltr'>annuerit3</span> <span class='ocrx_word' id='word_1_219' title='bbox 2483 2540 2553 2609; x_wconf 90' lang='lat' dir='ltr'>in</span> 
     </span>
     <span class='ocr_line' id='line_1_26' title="bbox 516 2634 2556 2736; baseline -0.003 -24"><span class='ocrx_word' id='word_1_220' title='bbox 516 2640 819 2712; x_wconf 81' lang='lat' dir='ltr'>servitute</span> <span class='ocrx_word' id='word_1_221' title='bbox 837 2640 1125 2735; x_wconf 87' lang='lat' dir='ltr'>precario</span> <span class='ocrx_word' id='word_1_222' title='bbox 1146 2637 1352 2712; x_wconf 87' lang='lat' dir='ltr'>sumus</span> <span class='ocrx_word' id='word_1_223' title='bbox 1376 2637 1617 2713; x_wconf 86' lang='lat' dir='ltr'>felices.</span> <span class='ocrx_word' id='word_1_224' title='bbox 1678 2645 1746 2716; x_wconf 87' lang='lat' dir='ltr'>Si</span> <span class='ocrx_word' id='word_1_225' title='bbox 1767 2639 1926 2712; x_wconf 88' lang='lat' dir='ltr'>mihi</span> <span class='ocrx_word' id='word_1_226' title='bbox 1948 2639 2193 2723; x_wconf 86' lang='lat' dir='ltr'>credis,</span> <span class='ocrx_word' id='word_1_227' title='bbox 2239 2634 2556 2736; x_wconf 71' lang='lat' dir='ltr'>propulsa-</span> 
     </span>
     <span class='ocr_line' id='line_1_27' title="bbox 462 2737 2551 2828; baseline -0.003 -18"><span class='ocrx_word' id='word_1_228' title='bbox 462 2805 466 2810; x_wconf 79' lang='lat'><strong>.</strong></span> <span class='ocrx_word' id='word_1_229' title='bbox 517 2739 730 2811; x_wconf 85' lang='lat' dir='ltr'>bimus</span> <span class='ocrx_word' id='word_1_230' title='bbox 769 2737 1216 2826; x_wconf 77' lang='lat' dir='ltr'>communibus</span> <span class='ocrx_word' id='word_1_231' title='bbox 1253 2738 1533 2811; x_wconf 73' lang='lat' dir='ltr'>consiliis</span> <span class='ocrx_word' id='word_1_232' title='bbox 1551 2737 1815 2812; x_wconf 85' lang='lat' dir='ltr'>fortunae</span> <span class='ocrx_word' id='word_1_233' title='bbox 1836 2740 2151 2828; x_wconf 83' lang='lat' dir='ltr'>injuriam.</span> <span class='ocrx_word' id='word_1_234' title='bbox 2208 2742 2551 2807; x_wconf 86' lang='lat' dir='ltr'>Memento</span> 
     </span>
     <span class='ocr_line' id='line_1_28' title="bbox 517 2831 2550 2939; baseline -0.004 -28"><span class='ocrx_word' id='word_1_235' title='bbox 517 2844 547 2939; x_wconf 60' lang='grc' dir='ltr'>,ζ</span> <span class='ocrx_word' id='word_1_236' title='bbox 564 2834 922 2936; x_wconf 79' lang='lat' dir='ltr'>Pyladis&amp;</span> <span class='ocrx_word' id='word_1_237' title='bbox 963 2834 1221 2907; x_wconf 89' lang='lat' dir='ltr'>Orestis</span> <span class='ocrx_word' id='word_1_238' title='bbox 1243 2834 1444 2910; x_wconf 88' lang='lat' dir='ltr'>fidem</span> <span class='ocrx_word' id='word_1_239' title='bbox 1464 2845 1728 2913; x_wconf 86' lang='lat' dir='ltr'>Tomos</span> <span class='ocrx_word' id='word_1_240' title='bbox 1747 2840 1944 2911; x_wconf 86' lang='lat' dir='ltr'>etiam</span> <span class='ocrx_word' id='word_1_241' title='bbox 1964 2831 2210 2909; x_wconf 80' lang='lat' dir='ltr'>evaslsse</span> <span class='ocrx_word' id='word_1_242' title='bbox 2231 2841 2295 2906; x_wconf 75' lang='grc' dir='ltr'>δι</span> <span class='ocrx_word' id='word_1_243' title='bbox 2319 2834 2550 2907; x_wconf 80' lang='lat' dir='ltr'>Dianae</span> 
     </span>
    </p>
   </div>
   <div class='ocr_carea' id='block_1_2' title="bbox 534 3043 2549 3386">
    <p class='ocr_par' dir='ltr' id='par_1_2' title="bbox 589 3043 2549 3185">
     <span class='ocr_line' id='line_1_29' title="bbox 589 3043 2547 3117; baseline -0.002 -17"><span class='ocrx_word' id='word_1_244' title='bbox 589 3047 753 3100; x_wconf 60' lang='lat' dir='ltr'>niens</span> <span class='ocrx_word' id='word_1_245' title='bbox 779 3050 845 3102; x_wconf 72' lang='grc'>(9·</span> <span class='ocrx_word' id='word_1_246' title='bbox 873 3044 1317 3117; x_wconf 65' lang='lat' dir='ltr'>Amphionrhebaeu</span> <span class='ocrx_word' id='word_1_247' title='bbox 1328 3047 1518 3101; x_wconf 66' lang='lat' dir='ltr'>auditor</span> <span class='ocrx_word' id='word_1_248' title='bbox 1578 3047 1702 3099; x_wconf 79' lang='lat' dir='ltr'>filius</span> <span class='ocrx_word' id='word_1_249' title='bbox 1721 3081 1738 3106; x_wconf 81' lang='lat'><em>.</em></span> <span class='ocrx_word' id='word_1_250' title='bbox 1771 3047 1830 3099; x_wconf 79' lang='lat' dir='ltr'>sse</span> <span class='ocrx_word' id='word_1_251' title='bbox 1856 3048 2107 3116; x_wconf 83' lang='lat' dir='ltr'>appellatus</span> <span class='ocrx_word' id='word_1_252' title='bbox 2137 3045 2204 3099; x_wconf 86' lang='lat' dir='ltr'>ob</span> <span class='ocrx_word' id='word_1_253' title='bbox 2217 3043 2470 3114; x_wconf 81' lang='lat' dir='ltr'>agrestem,</span> <span class='ocrx_word' id='word_1_254' title='bbox 2499 3047 2547 3096; x_wconf 67' lang='lat' dir='ltr'>&amp;t</span> 
     </span>
     <span class='ocr_line' id='line_1_30' title="bbox 726 3112 2549 3185; baseline 0 -20"><span class='ocrx_word' id='word_1_255' title='bbox 726 3116 841 3166; x_wconf 62' lang='lat' dir='ltr'>acis</span> <span class='ocrx_word' id='word_1_256' title='bbox 1575 3116 1697 3185; x_wconf 73' lang='lat' dir='ltr'>quali</span> <span class='ocrx_word' id='word_1_257' title='bbox 1729 3133 2007 3168; x_wconf 84' lang='lat' dir='ltr'>montanam</span> <span class='ocrx_word' id='word_1_258' title='bbox 2041 3117 2281 3167; x_wconf 85' lang='lat' dir='ltr'>indolem:</span> <span class='ocrx_word' id='word_1_259' title='bbox 2317 3115 2391 3164; x_wconf 87' lang='lat' dir='ltr'>eui</span> <span class='ocrx_word' id='word_1_260' title='bbox 2428 3112 2549 3165; x_wconf 73' lang='lat' dir='ltr'>soror</span> 
     </span>
    </p>

    <p class='ocr_par' dir='ltr' id='par_1_3' title="bbox 593 3180 2548 3321">
     <span class='ocr_line' id='line_1_31' title="bbox 593 3180 2547 3255; baseline -0.001 -22"><span class='ocrx_word' id='word_1_261' title='bbox 593 3188 716 3232; x_wconf 71' lang='lat' dir='ltr'>saxa</span> <span class='ocrx_word' id='word_1_262' title='bbox 738 3201 900 3233; x_wconf 69' lang='lat' dir='ltr'>meam</span> <span class='ocrx_word' id='word_1_263' title='bbox 910 3186 1013 3250; x_wconf 73' lang='lat' dir='ltr'>sm</span> <span class='ocrx_word' id='word_1_264' title='bbox 1035 3183 1288 3254; x_wconf 71' lang='lat' dir='ltr'>eefhdina&#39;s,</span> <span class='ocrx_word' id='word_1_265' title='bbox 1322 3193 1514 3255; x_wconf 65' lang='lat' dir='ltr'>&amp;prece</span> <span class='ocrx_word' id='word_1_266' title='bbox 1578 3186 1761 3236; x_wconf 64' lang='lat' dir='ltr'>Elestra</span> <span class='ocrx_word' id='word_1_267' title='bbox 1801 3201 1962 3236; x_wconf 80' lang='lat' dir='ltr'>necem</span> <span class='ocrx_word' id='word_1_268' title='bbox 2006 3187 2153 3252; x_wconf 81' lang='lat' dir='ltr'>parari</span> <span class='ocrx_word' id='word_1_269' title='bbox 2182 3184 2242 3235; x_wconf 82' lang='lat' dir='ltr'>ab</span> <span class='ocrx_word' id='word_1_270' title='bbox 2272 3180 2450 3251; x_wconf 68' lang='lat' dir='ltr'>AEgisto</span> <span class='ocrx_word' id='word_1_271' title='bbox 2475 3183 2547 3251; x_wconf 80' lang='lat' dir='ltr'>qui</span> 
     </span>
     <span class='ocr_line' id='line_1_32' title="bbox 758 3250 2548 3321; baseline 0.001 -21"><span class='ocrx_word' id='word_1_272' title='bbox 758 3250 916 3300; x_wconf 63' lang='lat' dir='ltr'>hlauta</span> <span class='ocrx_word' id='word_1_273' title='bbox 1575 3269 1752 3317; x_wconf 84' lang='lat' dir='ltr'>patrem</span> <span class='ocrx_word' id='word_1_274' title='bbox 1803 3260 2167 3321; x_wconf 79' lang='lat' dir='ltr'>Agamemnona</span> <span class='ocrx_word' id='word_1_275' title='bbox 2237 3250 2548 3309; x_wconf 68' lang='lat' dir='ltr'>interfecerat.</span> 
     </span>
    </p>

    <p class='ocr_par' dir='ltr' id='par_1_4' title="bbox 534 3318 2546 3386">
     <span class='ocr_line' id='line_1_33' title="bbox 534 3318 2546 3386; baseline 0.001 -18"><span class='ocrx_word' id='word_1_276' title='bbox 534 3365 537 3368; x_wconf 90' lang='lat'>.</span> <span class='ocrx_word' id='word_1_277' title='bbox 596 3320 765 3366; x_wconf 67' lang='lat' dir='ltr'>Dum</span> <span class='ocrx_word' id='word_1_278' title='bbox 781 3318 1016 3384; x_wconf 64' lang='lat' dir='ltr'>querente.</span> <span class='ocrx_word' id='word_1_279' title='bbox 1036 3346 1130 3361; x_wconf 90' lang='lat'>—·-</span> <span class='ocrx_word' id='word_1_280' title='bbox 1577 3335 1865 3386; x_wconf 78' lang='lat' dir='ltr'>matremque</span> <span class='ocrx_word' id='word_1_281' title='bbox 1893 3320 2208 3385; x_wconf 76' lang='lat' dir='ltr'>constuprant</span> <span class='ocrx_word' id='word_1_282' title='bbox 2225 3353 2246 3381; x_wconf 86' lang='lat'>‚</span> <span class='ocrx_word' id='word_1_283' title='bbox 2286 3320 2546 3386; x_wconf 63' lang='lat' dir='ltr'>pravidem,</span> 
     </span>
    </p>
   </div>
   <div class='ocr_carea' id='block_1_3' title="bbox 490 3379 2550 3802">
    <p class='ocr_par' dir='ltr' id='par_1_5' title="bbox 490 3379 2550 3802">
     <span class='ocr_line' id='line_1_34' title="bbox 527 3379 2544 3455; baseline 0.003 -21"><span class='ocrx_word' id='word_1_284' title='bbox 527 3379 681 3434; x_wconf 73' lang='lat' dir='ltr'>mtto</span> <span class='ocrx_word' id='word_1_285' title='bbox 708 3401 808 3451; x_wconf 78' lang='lat' dir='ltr'>quz</span> <span class='ocrx_word' id='word_1_286' title='bbox 837 3385 898 3434; x_wconf 87' lang='lat' dir='ltr'>de</span> <span class='ocrx_word' id='word_1_287' title='bbox 916 3387 1127 3440; x_wconf 76' lang='lat' dir='ltr'>sibaritis</span> <span class='ocrx_word' id='word_1_288' title='bbox 1157 3387 1312 3440; x_wconf 73' lang='lat' dir='ltr'>scribit</span> <span class='ocrx_word' id='word_1_289' title='bbox 1343 3396 1512 3453; x_wconf 74' lang='lat' dir='ltr'>Pomp.</span> <span class='ocrx_word' id='word_1_290' title='bbox 1573 3386 1719 3455; x_wconf 82' lang='lat' dir='ltr'>ipsum</span> <span class='ocrx_word' id='word_1_291' title='bbox 1749 3404 1829 3453; x_wconf 81' lang='lat' dir='ltr'>pet</span> <span class='ocrx_word' id='word_1_292' title='bbox 1861 3389 2163 3455; x_wconf 73' lang='lat' dir='ltr'>paedagogum</span> <span class='ocrx_word' id='word_1_293' title='bbox 2211 3389 2263 3438; x_wconf 82' lang='lat' dir='ltr'>in</span> <span class='ocrx_word' id='word_1_294' title='bbox 2311 3388 2544 3439; x_wconf 78' lang='lat' dir='ltr'>Phocidem</span> 
     </span>
     <span class='ocr_line' id='line_1_35' title="bbox 523 3452 2547 3524; baseline 0.003 -24"><span class='ocrx_word' id='word_1_295' title='bbox 523 3453 726 3519; x_wconf 73' lang='lat' dir='ltr'>Trogus.</span> <span class='ocrx_word' id='word_1_296' title='bbox 760 3458 821 3503; x_wconf 80' lang='lat' dir='ltr'>Et</span> <span class='ocrx_word' id='word_1_297' title='bbox 847 3452 947 3522; x_wconf 78' lang='lat' dir='ltr'>post</span> <span class='ocrx_word' id='word_1_298' title='bbox 962 3456 1094 3507; x_wconf 85' lang='lat' dir='ltr'>illum</span> <span class='ocrx_word' id='word_1_299' title='bbox 1110 3456 1404 3510; x_wconf 75' lang='lat' dir='ltr'>abbreviator</span> <span class='ocrx_word' id='word_1_300' title='bbox 1415 3460 1512 3521; x_wconf 84' lang='lat' dir='ltr'>ejus</span> <span class='ocrx_word' id='word_1_301' title='bbox 1571 3459 1692 3506; x_wconf 87' lang='lat' dir='ltr'>clam</span> <span class='ocrx_word' id='word_1_302' title='bbox 1706 3454 1890 3524; x_wconf 79' lang='lat' dir='ltr'>ablegat</span> <span class='ocrx_word' id='word_1_303' title='bbox 1906 3457 1961 3506; x_wconf 80' lang='lat' dir='ltr'>ad</span> <span class='ocrx_word' id='word_1_304' title='bbox 1978 3454 2253 3523; x_wconf 73' lang='lat' dir='ltr'>Strophium</span> <span class='ocrx_word' id='word_1_305' title='bbox 2265 3453 2547 3507; x_wconf 78' lang='lat' dir='ltr'>Phocenfium</span> 
     </span>
     <span class='ocr_line' id='line_1_36' title="bbox 526 3514 2544 3593; baseline 0.004 -25"><span class='ocrx_word' id='word_1_306' title='bbox 526 3514 757 3590; x_wconf 70' lang='lat' dir='ltr'>justinus.</span> <span class='ocrx_word' id='word_1_307' title='bbox 1575 3524 1831 3590; x_wconf 80' lang='lat' dir='ltr'>principem</span> <span class='ocrx_word' id='word_1_308' title='bbox 1860 3526 1941 3589; x_wconf 81' lang='lat' dir='ltr'>qui</span> <span class='ocrx_word' id='word_1_309' title='bbox 1971 3525 2345 3593; x_wconf 76' lang='lat' dir='ltr'>Agamemnonis</span> <span class='ocrx_word' id='word_1_310' title='bbox 2364 3539 2544 3576; x_wconf 79' lang='lat' dir='ltr'>uxorem</span> 
     </span>
     <span class='ocr_line' id='line_1_37' title="bbox 601 3586 2550 3656; baseline 0.002 -19"><span class='ocrx_word' id='word_1_311' title='bbox 601 3600 626 3637; x_wconf 89' lang='lat'>1</span> <span class='ocrx_word' id='word_1_312' title='bbox 666 3586 877 3653; x_wconf 55' lang='lat' dir='ltr'>budh,</span> <span class='ocrx_word' id='word_1_313' title='bbox 923 3595 991 3644; x_wconf 68' lang='grc' dir='ltr'>Θ·</span> <span class='ocrx_word' id='word_1_314' title='bbox 1026 3588 1185 3656; x_wconf 72' lang='lat' dir='ltr'>orefls&#39;e</span> <span class='ocrx_word' id='word_1_315' title='bbox 1207 3591 1349 3654; x_wconf 69' lang='lat' dir='ltr'>fida·</span> <span class='ocrx_word' id='word_1_316' title='bbox 1376 3599 1518 3643; x_wconf 69' lang='lat' dir='ltr'>runos</span> <span class='ocrx_word' id='word_1_317' title='bbox 1573 3590 1775 3643; x_wconf 77' lang='lat' dir='ltr'>duxerat.</span> <span class='ocrx_word' id='word_1_318' title='bbox 1812 3594 1917 3642; x_wconf 83' lang='lat' dir='ltr'>mie</span> <span class='ocrx_word' id='word_1_319' title='bbox 1943 3591 2194 3643; x_wconf 79' lang='lat' dir='ltr'>duodecim</span> <span class='ocrx_word' id='word_1_320' title='bbox 2222 3607 2374 3643; x_wconf 78' lang='lat' dir='ltr'>annos</span> <span class='ocrx_word' id='word_1_321' title='bbox 2397 3591 2550 3642; x_wconf 80' lang='lat' dir='ltr'>demo-</span> 
     </span>
     <span class='ocr_line' id='line_1_38' title="bbox 521 3654 2548 3727; baseline 0.002 -21"><span class='ocrx_word' id='word_1_322' title='bbox 521 3657 656 3706; x_wconf 72' lang='lat' dir='ltr'>m’aae</span> <span class='ocrx_word' id='word_1_323' title='bbox 683 3654 890 3720; x_wconf 73' lang='lat' dir='ltr'>evaefiffi.</span> <span class='ocrx_word' id='word_1_324' title='bbox 922 3663 987 3713; x_wconf 67' lang='grc' dir='ltr'>Φ·</span> <span class='ocrx_word' id='word_1_325' title='bbox 1005 3660 1162 3711; x_wconf 70' lang='lat' dir='ltr'>Diaenae</span> <span class='ocrx_word' id='word_1_326' title='bbox 1173 3659 1515 3717; x_wconf 67' lang='lat' dir='ltr'>crudelitatem-l</span> <span class='ocrx_word' id='word_1_327' title='bbox 1573 3673 1697 3710; x_wconf 85' lang='lat' dir='ltr'>ratus</span> <span class='ocrx_word' id='word_1_328' title='bbox 1724 3671 1834 3709; x_wconf 86' lang='lat' dir='ltr'>cum</span> <span class='ocrx_word' id='word_1_329' title='bbox 1859 3659 2114 3726; x_wconf 64' lang='lat' dir='ltr'>pedagogo</span> <span class='ocrx_word' id='word_1_330' title='bbox 2142 3659 2223 3712; x_wconf 85' lang='lat' dir='ltr'>suo</span> <span class='ocrx_word' id='word_1_331' title='bbox 2240 3666 2391 3727; x_wconf 77' lang='lat' dir='ltr'>Argos</span> <span class='ocrx_word' id='word_1_332' title='bbox 2407 3658 2548 3710; x_wconf 67' lang='lat' dir='ltr'>rediit!</span> 
     </span>
     <span class='ocr_line' id='line_1_39' title="bbox 490 3715 2539 3802; baseline 0.002 -26"><span class='ocrx_word' id='word_1_333' title='bbox 490 3773 493 3776; x_wconf 87' lang='lat'>.</span> <span class='ocrx_word' id='word_1_334' title='bbox 518 3715 1153 3793; x_wconf 63' lang='lat' dir='ltr'>orestaAgamemnonis&amp;</span> <span class='ocrx_word' id='word_1_335' title='bbox 1168 3725 1520 3798; x_wconf 68' lang='lat' dir='ltr'>clytemnestra</span> <span class='ocrx_word' id='word_1_336' title='bbox 1555 3725 1662 3796; x_wconf 56' lang='lat' dir='ltr'>„ubi</span> <span class='ocrx_word' id='word_1_337' title='bbox 1684 3724 1766 3784; x_wconf 67' lang='grc' dir='ltr'>Εὐ</span> <span class='ocrx_word' id='word_1_338' title='bbox 1794 3725 1945 3800; x_wconf 63' lang='lat' dir='ltr'>specie</span> <span class='ocrx_word' id='word_1_339' title='bbox 1968 3728 2208 3802; x_wconf 73' lang='lat' dir='ltr'>hospitum</span> <span class='ocrx_word' id='word_1_340' title='bbox 2234 3723 2539 3782; x_wconf 71' lang='lat' dir='ltr'>Phocenfium.</span> 
     </span>
    </p>
   </div>
  </div>
 </body>
</html>
