2738 4475
966 268 1855 343 pansus-i
2207 286 2342 360 5¹7

304 379 807 482 Rempublicam
845 379 1155 454 ambiunt.
1248 387 1327 452 In
1378 405 1622 482 egenos
1670 376 2077 449 liberalitatis
2113 377 2350 453 effusae.-

306 488 575 558 Ultores
614 483 918 554 vitiorum
949 504 1221 580 quorum
1243 479 1360 577 ipsi
1381 481 1747 577 exemplum
1768 474 2097 568 fecerant3
2130 477 2344 575 legum

302 585 580 681 denique
609 584 1018 679 optimarum,
1042 604 1442 679 onerumque
1463 578 1887 677 publicorum,
1910 575 1988 647 ad
2010 576 2344 652 civitatum

309 704 685 754 ornamenta
703 727 724 761 ‚
749 683 851 752 vel
872 682 1168 752 authores
1191 726 1210 757 2
1232 681 1335 751 vel
1354 678 1663 750 vindices.
1727 683 1829 749 ha
1849 674 2230 774 praesentcm
2250 678 2346 746 in·

309 769 546 854 vi'diam
566 831 589 867 ‚
625 790 685 853 &
711 779 873 877 apud
898 777 1187 878 posteros
1206 775 1562 857 infamiam,
1586 777 1928 848 amolituri.
1971 780 2127 848 Hoc
2147 777 2349 847 modo

308 904 613 979 tyrannus
634 903 699 951 ut
722 881 1064 978 plurimum
1082 876 1270 949 sortis
1284 878 1426 957 suae,
1447 902 1577 948 non
1595 875 1840 975 ingenii
1860 921 1884 956 ,
1908 876 2072 946 vitio
2089 897 2343 972 peccat,

315 1002 420 1050 aut
440 977 807 1051 neceffitate
827 978 1061 1078 probus
1080 976 1196 1049 est.
1252 977 1435 1049 Illius
1455 977 1702 1047 animus
1725 1019 1751 1055 ‚
1769 974 2121 1046 immodice
2139 973 2347 1045 auste-

317 1104 416 1149 rus
436 1104 459 1168 3
482 1086 542 1150 &
570 1078 833 1150 blandus
855 1081 1118 1149 intuitus
1141 1124 1162 1158 ,
1183 1075 1527 1150 ereetusad
1542 1074 1762 1147 omnia
1780 1131 1799 1158 ,
1841 1071 2182 1170 praesertim
2201 1095 2349 1172 quae

308 1174 605 1252 formidat
627 1211 648 1271 3
683 1175 962 1277 syncerae
981 1178 1320 1275 voluptatis
1340 1176 1594 1275 ignarus
1618 1219 1641 1253 ‚
1665 1176 1840 1267 cujus
1864 1172 1968 1272 spe
1987 1174 2302 1246 diducitur
2323 1207 2348 1267 3

310 1304 473 1349 vano
508 1277 743 1350 decore
762 1301 1011 1350 atroces
1034 1274 1357 1350 molestias
1386 1274 1810 1371 permulcens,
1840 1275 2006 1343 velut
2028 1269 2220 1364 fuc03
2271 1279 2343 1359 ὃς

308 1376 439 1475 ipse
458 1376 573 1450 fibi
591 1380 960 1474 imponens.
1012 1372 1319 1470 Atjustus
1339 1376 1490 1445 Rex
1513 1425 1533 1453 ,
1575 1371 1673 1441 scu
1697 1375 1974 1443 comitiis
1996 1425 2014 1454 ,
2058 1371 2154 1444 seu
2172 1370 2342 1443 sorte

302 1475 606 1548 nascendi
630 1532 652 1559 ,
697 1474 993 1546 admotus
1029 1474 1307 1570 imperio
1325 1520 1350 1557 ‚
1400 1471 1529 1568 ipsa
1569 1474 1905 1566 majestatis
1950 1470 2342 1553 conscientia
2403 1530 2407 1534 .

300 1579 503 1647 elatus
532 1620 556 1655 ,
612 1574 821 1642 minus
854 1574 922 1642 in
961 1573 1283 1670 ignobiles
1319 1592 1527 1642 metus
1548 1620 1570 1656 ‚
1623 1596 1724 1642 aut
1744 1570 2004 1643 scelesta
2022 1571 2333 1650 remedia,
2384 1648 2390 1654 ,

310 1672 578 1744 demitti
597 1668 956 1741 consuevit:
1012 1669 1255 1742 etiamfi
1271 1668 1703 1741 turbulentum
1738 1667 1905 1743 forte
1935 1693 2186 1769 tempus
2210 1718 2234 1753 ,
2269 1674 2337 1740 δε

311 1769 535 1868 populi
557 1766 935 1841 nanciscitur
949 1766 1641 1867 insaniam,caeteraque
1657 1795 1795 1868 quae
1814 1777 2154 1868 Tyrannus
2176 1769 2343 1840 sem-

305 1894 421 1966 per
457 1868 674 1940 timet.
737 1871 824 1940 Et
858 1868 927 1940 hi
964 1869 1224 1968 quidem
1258 1871 1369 1969 qui
1406 1867 1702 1967 suffragio
1736 1868 1975 1941 debent
2016 1865 2335 1941 fortunam
2381 1867 2387 1875 ’

299 1967 516 2041 Princi
523 1988 708 2062 patus
729 1967 793 2038 in
813 1963 1175 2040 suasamilia
1193 1995 1322 2040 non
1341 1966 1642 2040 haesuram
1659 2025 1691 2053 ,
1723 1968 1925 2040 adhuc
1962 1972 2176 2068 aliquo
2197 1994 2338 2044 mo,-

300 2066 388 2139 do
408 2066 639 2164 privati
656 2122 688 2150 ,‚
703 2090 938 2165 nempe
957 2092 1080 2165 qua
1101 2093 1214 2139 eos
1236 2066 1634 2166 posterorum
1656 2092 1804 2138 cura
1819 2070 2027 2167 tangit
2047 2115 2069 2150 ,
2090 2068 2339 2165 publica

306 2164 647 2255 commoda
683 2190 813 2236 non
836 2164 1130 2237 videntur
1149 2189 1282 2239 tam
1303 2191 1447 2240 vera
1470 2188 1731 2264 totaque
1748 2166 2080 2266 diligentia
2104 2190 2336 2265 procu-

305 2291 443 2338 rare
461 2321 486 2350 ,
521 2291 712 2363 quam
728 2268 840 2364 qui
856 2261 1030 2338 suum
1052 2268 1181 2359 jam
1203 2268 1242 2338 a
1261 2266 1603 2359 majoribus
1625 2290 1890 2363 regnum
1911 2270 2107 2338 etiam
2127 2291 2332 2364 nepo-

300 2367 474 2437 tibus
515 2364 847 2436 adornant.
920 2373 1149 2463 ltaque
1164 2366 1303 2437 illas
1325 2390 1499 2437 curas
1520 2415 1544 2450 ,
1568 2390 1707 2464 qua:
1727 2370 1969 2462 populo
1991 2366 2333 2443 debentur,

305 2465 570 2563 privatis
605 2460 855 2534 fixorum
893 2462 1222 2536 affeffibus
1263 2464 1643 2562 impendunt
1679 2462 2017 2535 excusabili
2065 2467 2328 2560 pietate,

305 2563 511 2636 modo
544 2564 773 2658 partita
807 2586 992 2633 mens
1026 2559 1089 2633 se
1122 2566 1419 2663 utrinque
1435 2559 1725 2658 respiciat
1743 2609 1773 2643 ,η
1816 2562 1905 2631 ita
1925 2564 2334 2659 cognationis

307 2684 691 2738 memonne
711 2656 1114 2733 obliviscatur
1131 2670 1194 2734 &
1216 2663 1464 2759 Regni.
1524 2666 1539 2696 ⁸
1565 2660 1767 2748 Quod
1803 2658 1845 2728 fi
1865 2660 2139 2760 aliquem
2166 2657 2333 2730 forte

308 2783 390 2829 ex
428 2754 548 2828 suis
584 2755 691 2856 spe
724 2755 1099 2856 votisquein
1117 2761 1569 2834 succcffionem
1591 2760 1774 2858 regni
1792 2758 2162 2840 destinam·
2182 2782 2335 2829 tunc

304 2859 527 2956 precio
546 2863 610 2929 &
633 2857 995 2929 adulatione
1015 2860 1288 2934 emenda
1310 2859 1598 2959 suffragia
1621 2917 1641 2944 ,
1664 2880 1812 2929 tunc
1830 2859 2191 2931 omittenda
2210 2861 2328 2942 vis,

301 2968 370 3031 &
416 2958 612 3030 veluti
645 2956 1053 3055 supercilium
1089 2959 1458 3052 majestatis.
1527 2966 1627 3032 Ita
1647 2958 1873 3032 serviet
1890 2986 2001 3055 per
2015 2962 2335 3030 occultam

299 3056 797 3129 sollicitudinem
817 3062 1100 3140 animus,
1144 3062 1223 3129 iis
1263 3058 1411 3156 ipsis
1450 3059 1485 3129 a
1520 3058 1744 3158 quibus
1783 3058 2049 3154 publicat
2072 3081 2339 3128 venera-

303 3157 497 3225 tionis
517 3160 755 3228 cultum
780 3158 1081 3254 accipiet.
1120 3166 1200 3230 ln
1220 3158 1330 3227 bas
1350 3159 1466 3229 suae
1490 3153 1740 3229 familia:
1767 3181 1940 3225 curas
1968 3153 2040 3225 sae
2052 3181 2131 3251 pe
2149 3158 2340 3249 periit

225 3328 228 3330 ‚
306 3250 628 3349 absumpta
646 3280 867 3326 eorum
887 3256 1208 3340 sedulitas,
1229 3259 1338 3356 qui
1362 3258 1634 3354 publicis
1658 3276 1839 3325 antea
1859 3255 2190 3324 virtutibus
2213 3257 2337 3325 im-

307 3375 527 3451 perare
567 3376 959 3425 metuerant:
1015 3360 1509 3455 Nonnunquam
1544 3360 1609 3425 δε
1652 3356 1718 3423 in
1754 3354 1972 3450 pejora
2011 3355 2172 3452 rapti
2195 3351 2333 3425 suos

2119 3480 2334 3525 fluores

376 3565 397 3599 r
454 3549 586 3617 ,Qud
600 3549 641 3614 fi
667 3552 729 3598 ali
759 3569 854 3600 uem
866 3554 985 3612 flme
1029 3573 1082 3603 ex
1096 3554 1192 3617 fich
1208 3558 1289 3622 spe
1349 3554 1518 3604 volens
1548 3548 1735 3602 affert-re
1763 3549 1973 3616 fiiffragia
1991 3556 2333 3619 septemvirum

241 3627 246 3635 ·
297 3619 492 3685 occisique
524 3621 574 3667 in
587 3570 885 3682 sica-elzetam
911 3624 1027 3689 regni
1050 3621 1282 3687 destinat,
1347 3624 1467 3673 emit
1482 3656 1498 3680 ,
1514 3637 1711 3687 mmquc
1726 3618 1951 3672 solvendo
1967 3637 2065 3670 non
2081 3619 2206 3680 effer,
2224 3641 2332 3690 pro-

294 3701 401 3736 tunc
420 3690 562 3754 precio
589 3696 654 3742 (9·
681 3686 926 3739 adulatione
939 3689 1111 3737 menda
1124 3690 1287 3755 siafflae-
1352 3692 1527 3746 vincias
1543 3704 1667 3739 totas
1679 3689 1750 3739 his
1772 3689 1821 3738 in
1836 3693 1999 3757 pignus
2019 3692 2202 3756 reliquit
2219 3726 2235 3748 .
2266 3694 2332 3739 ita

278 3755 408 3823 gia]
442 3755 593 3813 Cuius
623 3756 690 3805 rei
704 3756 974 3822 exemplum
990 3760 1185 3810 Carolus
1206 3763 1283 3809 lv.
1350 3773 1404 3808 ut
1433 3760 1483 3808 in
1513 3760 1663 3825 plures
1680 3773 1832 3826 partes
1848 3755 2126 3826 discerptum
2140 3759 2191 3809 fit
2211 3775 2337 3809 nunc.

283 3822 419 3890 supra
433 3823 614 3884 edidit,
648 3823 766 3876 dum
798 3825 880 3874 ille
910 3824 1013 3876 filio
1042 3826 1288 3895 imperium
1352 3828 1617 3894 imperium.
2346 3858 2351 3863 ·

319 3934 344 3965 ἱ
1740 3901 1779 3947 Κ
1796 3894 1830 3945 k
1861 3909 1883 3958 3
2162 3909 2182 3943 ¹
2206 3893 2352 3942 ‹P-Wi
