2738 4475
485 221 634 301 'aio
962 222 1476 304 Euruonm.
1530 233 2037 303 San-Yxrcr
2676 50 2690 317 i

580 342 692 418 Ad
726 341 867 417 haec
902 346 1102 419 verba
1117 349 1229 418 ille
1248 346 1712 421 modestiffime
1731 346 2017 437 subrisit3
2053 353 2349 421 &neme
2374 349 2534 420 lon-'
2688 332 2689 371 ¹

474 444 625 547 gior
642 444 880 516 invidia
903 447 1291 543 perturbaret
1312 492 1335 526 ‚
1374 448 1517 520 Scis
1537 492 1561 528 ‚
1579 448 1789 548 inquit
1812 469 2099 534 ‚tantum
2117 448 2276 519 vitio
2296 446 2523 520 nostro
2546 480 2549 481 f

471 548 838 644 voluptates
870 546 1259 644 degenerare
1293 545 1334 619 ὲ
1373 544 1804 646 pulcher-rimo
1840 545 2011 642 fine3
2058 548 2352 619 Deorum
2369 569 2517 618 mu-

475 668 631 717 nera
669 639 831 729 effe,
870 641 913 715 fi
947 644 1213 718 adhibes
1231 647 1498 720 modum
1519 693 1543 729 ,
1584 671 1780 747 quem
1797 649 2173 746 plerumque
2190 648 2514 744 intempe-

469 741 650 816 stivae
684 741 985 815 libidines
1029 767 1472 845 corrumpunt.
1523 771 1733 848 neque
1764 748 2004 845 aliquid
2023 746 2119 818 est
2138 766 2274 820 tam
2295 745 2522 826 molle,

468 866 606 942 quo
621 836 820 914 severi
837 840 1139 916 homines
1159 841 1374 917 sancte
1393 845 1489 916 uti
1508 870 1642 920 non
1662 846 1921 946 poffint.
1968 848 2117 939 Jam
2140 871 2300 918 vero
2318 869 2524 944 quan·

467 961 610 1013 tum
631 938 707 1012 {it
727 942 1015 1041 corporis
1033 946 1496 1017 commercium
1515 969 1662 1019 cum
1681 947 1898 1020 animo
1911 998 1933 1028 ‚
1952 942 2327 1017 morborum
2337 941 2524 1017 fasti·

464 1039 577 1112 dia
594 1038 956 1115 monstrant
977 1099 997 1128 ,
1041 1050 1108 1117 &
1146 1043 1403 1116 dolores
1424 1088 1448 1123 ‚
1483 1046 1593 1142 qui
1629 1046 1697 1116 in
1719 1063 2084 1144 perpetuam
2102 1039 2522 1114 suicontem-

307 1179 320 1183 ’
514 1139 828 1213 lationem
864 1143 1149 1213 animum
1189 1164 1436 1214 tenent.
1488 1152 1716 1240 ltaque
1751 1140 2204 1214 demulcendus
2235 1138 2334 1213 est
2370 1160 2512 1214 tam

533 1239 798 1311 miliaria
820 1242 1055 1313 mentis
1073 1266 1296 1314 comes
1316 1289 1342 1325 ,
1381 1266 1606 1342 corpus
1627 1242 1754 1314 hoc
1775 1297 1797 1327 ‚
1819 1242 2082 1341 inquam
2099 1296 2120 1327 ,
2140 1261 2214 1311 ut
2230 1264 2375 1314 eam
2387 1265 2515 1312 no·

467 1337 568 1410 bis
585 1335 666 1410 ad
686 1336 1031 1411 studiorum
1051 1339 1510 1415 sublimitatem
1529 1343 1860 1442 permittat
1877 1396 1899 1426 ‚
1939 1365 2059 1414 nec
2079 1361 2362 1439 occupet
2379 1341 2510 1411 im-

465 1457 749 1538 portuno
767 1434 1042 1511 sodalitii
1066 1440 1225 1535 jure.
1282 1441 1458 1515 Mihi
1477 1442 1704 1525 crede,
1743 1441 1851 1512 vix
1866 1442 1937 1511 in
1957 1428 2264 1541 angustiis
2281 1461 2384 1512 aut
2405 1463 2521 1511 cu-

463 1561 677 1610 rarum
710 1537 1086 1639 aegritudiue
1104 1538 1198 1614 est
1214 1542 1417 1613 literis
1434 1543 1655 1626 locus,
1691 1546 1758 1613 &
1779 1537 2095 1640 sapienter
2109 1542 2380 1635 majores
2396 1564 2518 1611 no·

464 1636 580 1713 stri
628 1638 853 1711 Solem
913 1642 1129 1713 omnis
1167 1641 1409 1715 laetitiae
1448 1643 1743 1717 datorem
1780 1641 1987 1714 Musis
2026 1637 2518 1740 praeposuerunt'.

466 1738 655 1811 Nam
687 1758 758 1810 ut
790 1740 1077 1815 animum
1097 1741 1305 1814 nimio
1318 1741 1464 1813 luxu
1487 1738 1760 1814 solutum
1782 1743 1961 1816 nervi
1982 1742 2060 1813 ad
2081 1739 2520 1838 sapientiaein·

468 1836 970 1938 vestigationem
1006 1840 1395 1921 destituunt,
1432 1840 1521 1909 ita
1557 1838 1674 1910 nisi
1707 1839 2154 1932 impetraveris
2197 1839 2450 1910 veniam
2471 1838 2511 1908 ὲ

467 1959 745 2035 corpore
795 1936 1068 2011 honesto
1103 1939 1297 2008 veluti
1337 1935 1489 2007 ludo
1510 1980 1533 2013 ‚
1588 1931 1806 2005 frustra
1845 1934 2124 2003 tentabis
2160 1936 2512 2006 conciliare

465 2035 753 2105 animum
774 2035 975 2103 literis
1040 2035 1297 2127 ropiore
1313 2030 1712 2103 solicitudine
1730 2031 2077 2099 intentum.
2122 2031 2332 2101 Nullo
2347 2029 2504 2100 aestu

462 2130 795 2226 Apollinis
830 2130 965 2199 cale
997 2151 1100 2198 cet
1134 2129 1380 2216 injuriis
1422 2127 1669 2225 hyemis
1705 2145 1958 2223 apertus
1979 2173 2001 2208 ‚
2043 2134 2111 2199 δι
2155 2123 2324 2224 ¹ipse
2347 2130 2504 2199 Ho-

456 2251 669 2303 merus
700 2248 824 2295 nun
877 2251 1018 2297 uam
1050 2224 1322 2298 securius
1358 2226 1514 2299 deos
1534 2222 1897 2297 vulnerabat
1920 2284 1939 2308 ‚
1980 2249 2086 2299 aut
2104 2248 2505 2327 pugnantem

455 2322 788 2406 Achillem
849 2324 1237 2426 equebatur‚
1274 2351 1467 2425 quam
1497 2350 1645 2398 cum
1687 2324 2064 2424 promiserat
2096 2326 2177 2398 ad
2212 2351 2506 2400 coenam.

455 2422 622 2499 Ideo
660 2422 956 2495 homines
977 2423 1377 2497 stultiffimos
1398 2447 1591 2526 puto,
1631 2428 1742 2525 qui
1760 2426 1961 2496 veluti
1978 2445 2329 2526 pugnarent
2349 2448 2499 2498 cum

459 2543 679 2595 natura
695 2577 715 2607 ,
767 2521 1021 2596 affiduis
1069 2525 1401 2597 doloribus
1451 2524 1701 2598 suorum
1737 2548 2083 2622 corporum
2122 2525 2496 2625 patientiam

459 2620 732 2722 fatigant
753 2680 773 2707 ,
797 2631 864 2696 δι
884 2624 1146 2697 interim
1164 2627 1451 2697 animum
1474 2627 1703 2696 nolunt
1723 2619 1993 2697 miseriis
2010 2626 2365 2725 ingemere,
2387 2620 2496 2695 sed

456 2724 806 2795 eruditioni
841 2726 1056 2797 locum
1074 2726 1142 2794 in
1162 2724 1486 2796 mentibus
1505 2744 1793 2823 quaerunt
1815 2772 1839 2809 ,
1873 2745 2012 2821 quae
2032 2744 2134 2795 tot
2150 2725 2337 2797 malis
2358 2725 2498 2821 ple·-

458 2846 559 2895 nae
578 2824 682 2893 vix
702 2821 898 2919 ipsam
921 2819 1368 2922 aegritudinem
1392 2849 1618 2921 capere
1637 2820 1909 2922 poffunt.

421 2982 425 2985 .
561 2926 785 3018 Itaque
825 2945 907 2991 ne
943 2918 1534 2994 fastidiosisstudiis
1569 2943 1917 3020 provocem
1942 2919 2021 2992 ad
2037 2917 2494 2992 nauseamlite-

454 3047 662 3095 rarum
699 3019 996 3091 timidum
1015 3021 1338 3092 laboribus
1356 3045 1584 3120 corpus
1603 3070 1625 3104 ,
1659 3018 1776 3117 ipsi
1797 3043 2054 3117 quoqne
2070 3016 2244 3091 suum
2264 3019 2490 3093 ludum

456 3116 818 3196 humaniter
838 3121 1165 3194 concedo:
1187 3120 1276 3190 ita
1290 3121 1637 3193 liberaliter
1652 3121 1977 3191 excultum
1999 3163 2023 3199 ‚
2040 3119 2210 3193 vices
2231 3144 2494 3219 quoque

523 3328 546 3366 8
584 3321 678 3386 ips?
689 3323 895 3372 Homerus
906 3320 1314 3389 mqaeausccnnns
1331 3324 1441 3369 Dm
1559 3317 1769 3368 Mulciber
1794 3320 1843 3366 in
1873 3322 2045 3385 Ynjan
2060 3349 2077 3376 ,
2099 3334 2176 3388 pn
2203 3243 2491 3387 ²⁸:13>ae

447 3386 1438 3526 mssfssssffl‘mffl'fffli
1606 3383 1930 3522 4⁹⁶&
1945 3452 2144 3513 mma,
2170 3453 2485 3524 mma..

444 3521 596 3582 nnn.)
626 3526 758 3571 Tune
786 3521 959 3575 scilicet
974 3525 1170 3576 audebat
1185 3526 1438 3591 plurimum
1676 3525 1790 3585 snit.

447 3587 502 3637 Bc
513 3586 693 3639 valebat
709 3594 916 3641 carmine
930 3594 1118 3643 heroico
1134 3600 1438 3644 nemaeum
1492 3594 1637 3642 Porro
1657 3589 1750 3641 fuit
1777 3589 1827 3640 in
1859 3589 2005 3640 Iliade
2019 3589 2224 3645 Achilles
2237 3590 2483 3658 pncipuus

442 3655 665 3707 imitatus
680 3660 1062 3711 eraradcoenarn.
1083 3665 1260 3712 Mirum
1275 3674 1433 3711 aurem
1494 3660 1632 3710 beroa
1660 3675 1800 3726 quem
1829 3656 2007 3726 semper
2036 3657 2369 3728 inseqoebatut
2393 3667 2478 3709 ve-

336 3751 347 3764 ·
542 3725 688 3776 modo
719 3730 848 3777 Deos
877 3730 1001 3782 inter
1029 3728 1073 3779 se
1086 3743 1343 3799 pugnantes
1359 3730 1434 3780 in·
1492 3743 1578 3777 nus
1594 3758 1615 3786 ‚
1635 3728 1698 3778 ita
1712 3742 1765 3779 ur
1786 3722 1815 3776 Ξι
1830 3727 1991 3779 Paride
2004 3729 2287 3783 occideretur
2298 3744 2378 3798 per
2391 3728 2480 3777 do-

441 3740 568 3850 aegr
589 3793 840 3864 mquidem
856 3811 906 3846 ut
926 3799 991 3847 ait
1008 3797 1153 3851 ovid.
1269 3837 1274 3843 .
1488 3795 1609 3850 lum.

569 3911 578 3914 i
1900 3845 1996 3869 ”
2310 3858 2488 3929 rQo's
