2738 4475
930 286 986 357 Ρ
1086 306 1133 358 a
1241 284 1325 361 n‘·
1392 304 1425 356 s
1525 289 1642 362 11.
2147 312 2291 387 23⁸5

238 389 406 478 inihi
425 395 885 478 salutationem
903 400 1236 475 insusurrat
1256 454 1282 491 ,
1320 411 1384 478 δι
1406 406 1472 478 in
1490 405 1618 477 boc
1640 400 1955 504 colloquii
1974 401 2296 478 sartorem

224 526 439 576 totam
479 507 550 575 in
588 501 1054 600 compendium
1094 502 1394 585 deducit,
1433 506 1776 586 Matrona,
1812 504 2066 604 inquit,
2106 503 2146 578 ἢ
2179 527 2301 604 qua

225 608 537 702 proxima
577 606 685 674 die
701 648 723 682 ‚
765 600 995 698 hospes
1015 660 1031 680 .
1077 604 1418 674 codicillos
1438 600 1704 674 habuisti
1728 652 1748 686 ,
1770 606 1966 676 hodie
1988 608 2066 676 ad
2086 606 2300 702 publi-

229 730 383 774 cam
425 700 689 772 scenam
709 702 949 798 aliquot
971 698 1380 772 familiaribus
1408 702 1718 800 promisit.
1772 710 1882 776 Tu
1904 704 1946 776 si
1966 727 2142 778 tanta
2164 704 2302 776 for-

233 820 393 872 tuna
431 802 663 899 dignus
685 824 791 880 ea,
825 802 1354 871 inter-tumultum
1376 804 1712 874 exultantis
1728 798 2106 902 frequentiae
2124 856 2148 892 ,
2184 824 2294 874 aut

207 922 387 972 'cum
407 896 521 970 sub
547 900 803 976 noaestem
825 900 1145 970 liberrima
1163 896 1448 970 consufio
1470 904 1698 972 cunfia
1720 900 2030 988 miscebit,
2054 930 2290 1002 aggre-

223 1000 387 1070 dere
409 1002 909 1096 expetstantem,
935 994 1360 1096 professusque
1378 1024 1668 1070 amorem
1692 1050 1712 1082 ‚
1746 1004 2286 1078 verecundiffimae

214 1102 521 1172 mulieris
549 1098 861 1196 pudorem
883 1100 1197 1168 demulce.
1254 1104 1494 1198 Neque
1520 1100 1694 1170 enim
1716 1102 1882 1170 illius
1906 1102 2152 1174 indoles
2172 1128 2288 1202 pa·-

206 1200 385 1270 'titur
405 1253 421 1280 ,
475 1222 549 1268 ut
569 1196 630 1268 se
651 1200 857 1296 prima
879 1220 1009 1268 tam
1033 1200 1252 1268 audaci
1268 1200 1560 1268 oratione
1580 1196 1946 1274 confundat.

319 1300 469 1370 Hic
507 1324 639 1397 ego
657 1318 1023 1396 argumenta
1041 1296 1296 1394 quaeswi
1318 1350 1336 1376 ‚
1374 1296 1594 1394 quibus
1616 1298 2040 1372 internoscere
2058 1304 2280 1400 Nym·-

207 1394 425 1492 pham
451 1394 725 1492 possem.
781 1400 1019 1466 Pallam
1039 1440 1061 1476 ,
1103 1398 1320 1494 inquit
1338 1442 1358 1474 ,
1386 1406 1448 1468 δι
1476 1400 1670 1468 elatos
1694 1400 1758 1470 in
1782 1404 2048 1472 tutelam
2070 1404 2282 1474 crines

201 1492 519 1566 flosculis
559 1496 853 1590 purpurei
883 1492 1071 1564 serici
1107 1496 1401 1578 ornavit,
1442 1500 1824 1590 praeter-eain
1844 1500 2148 1572 sinistram
2172 1528 2282 1574 au·
2325 1497 2332 1575 s

203 1620 371 1662 rem
411 1594 809 1688 nigrantium
847 1594 1169 1664 ‘ai-dearum
1211 1594 1716 1690 pretiofiffimum
1754 1602 1981 1670 extulit
2014 1598 2270 1672 sertum.

207 1690 365 1764 Sed
387 1711 461 1758 tu
485 1690 765 1760 maxime
787 1712 861 1758 ex
887 1686 1091 1760 forma
1111 1690 1458 1792 cognosces
1480 1726 1504 1786 ·‚
1540 1718 1744 1794 neque
1762 1700 1936 1768 enim
1958 1698 2278 1772 venustior

205 1788 443 1860 hodie
465 1788 833 1858 vivit.Tum
857 1798 923 1862 διε
947 1788 1173 1860 theatri
1197 1816 1434 1864 nomen
1456 1796 1704 1892 rogavi,
1722 1822 1850 1892 quo
1869 1796 1942 1866 ad
1964 1796 2283 1894 spectacu-

206 1890 367 1958 ium
389 1884 549 1958 esset
571 1888 727 1956 itura
753 1928 771 1960 2
793 1888 1117 1986 didicique
1141 1894 1548 1964 Valerianum
1572 1896 1893 1990 appellaris
1918 1896 2164 1984 Qiibus
2182 1900 2286 1968 di-

107 2055 123 2063 ,
205 1990 513 2086 ligenter
533 1988 854 2084 perceptis
879 2032 901 2066 ,
935 2012 1019 2058 ne
1039 1990 1420 2062 intuentium
1448 1994 1772 2064 curiositas
1792 1996 1856 2064 in
1880 1994 2068 2064 nobis
2086 1994 2282 2090 suspi-

209 2090 479 2158 cionem
519 2088 877 2166 inveniret,
939 2084 1268 2160 insalutata
1302 2092 1564 2160 muliere
1602 2092 1680 2162 de
1718 2096 1970 2190 templo
2000 2092 2272 2166 disceffi.

211 2188 390 2259 'Mox
425 2188 653 2257 leviter
685 2188 751 2254 in
775 2184 1127 2257 diversorio
1143 2184 1414 2260 refectus
1433 2236 1460 2271 ‚
1502 2192 1888 2291 praecipitavi
1908 2194 2032 2265 iter
2048 2194 2124 2265 ad
2144 2194 2270 2265 ste-

215 2311 411 2363 nam,
449 2311 681 2383 meque
719 2287 933 2357 viliori
965 2289 1165 2359 turba:
1199 2291 1508 2359 immiscui
1534 2337 1554 2369 ‚
1592 2319 1729 2391 quae
1764 2317 1840 2363 ex
1868 2319 2054 2367 cavea
2080 2295 2266 2393 igno·

214 2381 441 2455 biliter
475 2385 743 2481 spesiat.
803 2387 989 2457 Illinc
1031 2389 1207 2459 enim
1243 2389 1560 2459 liberrime
1582 2393 1802 2461 oculos
1827 2395 2266 2463 circumduce-

211 2481 367 2553 bam
401 2509 513 2581 per
557 2483 857 2565 claustra,
897 2511 1037 2584 quae
1073 2489 1266 2559 certis
1304 2489 1596 2585 gradibus
1616 2493 1856 2561 circum
1878 2495 2150 2587 parietes
2166 2493 2266 2561 di-

215 2577 459 2649 ίὶῖηᾶα
477 2577 646 2659 sunt,
669 2591 735 2653 &
759 2587 1059 2655 matronis
1079 2611 1151 2655 ac
1177 2587 1578 2685 magnatibus
1604 2585 2022 2657 servabantur.
2064 2593 2266 2659 Non-

225 2679 387 2747 dum
429 2679 515 2747 ibi
537 2673 893 2776 frequentia
909 2707 1286 2755 convenerat
1310 2735 1330 2767 ‚
1376 2693 1440 2757 &
1468 2687 1772 2783 quoniam
1794 2689 2116 2757 neminem
2146 2711 2266 2759 no·-

221 2797 449 2845 veram
485 2823 507 2859 ,
557 2797 861 2873 tanquam
919 2781 983 2849 in
1018 2777 1352 2855 solitudine
1392 2785 1728 2857 liberrimis
1760 2811 1836 2857 co
1892 2785 2262 2857 stationibus

225 2873 587 2945 exercebar.
649 2881 811 2947 Non
853 2879 1165 2953 exciderat
1205 2885 1408 2955 menti
1432 2887 1790 2957 Anemonis
1816 2811 2260 2959 fgrmofiffima

223 2975 503 3065 conjunx
527 3021 545 3055 ‚
571 2979 875 3075 lentoque
893 3005 963 3049 ac
985 2983 1195 3059 molli,
1213 2983 1278 3053 id
1298 2983 1392 3053 est
1409 3033 1430 3065 ,
1448 2983 1742 3055 duraturo
1762 2989 1912 3085 igne
1932 2987 2258 3083 carpebat.

221 3073 349 3145 Sed
389 3073 521 3143 haec
559 3073 757 3145 rursus
793 3081 1041 3149 novitas
1065 3083 1274 3179 ignoti
1294 3087 1526 3153 amotis
1548 3087 1878 3183 placebat:
1924 3087 2072 3181 quia
2094 3109 2258 3177 opu-

219 3173 461 3241 lentam
495 3178 887 3269 voluptatem
923 3181 1227 3275 pridianae
1264 3179 1546 3278 epistolae
1584 3183 1762 3251 dives
1800 3183 2090 3251 caelatura
2110 3179 2258 3277 spo-

219 3267 580 3365 sponderat.
623 3279 807 3347 Dum
827 3275 961 3347 haec
985 3283 1211 3349 tacitus
1233 3279 1550 3379 agitabam
1570 3325 1590 3355 ‹.
1618 3281 1814 3349 veluti
1836 3281 2042 3349 ventis
2060 3277 2256 3351 laces:-

217 3367 509 3441 sentibus
543 3397 749 3455 mare,
789 3377 877 3445 ita
913 3379 1215 3473 paulatim
1245 3379 1462 3475 populi
1482 3379 1740 3447 licentia
1760 3379 2064 3473 petulanti
2086 3407 2255 3451 mur-

217 3495 407 3541 mure
465 3471 751 3545 increvit.
823 3477 1067 3545 Sensim
1127 3479 1304 3547 enim
1370 3477 1798 3547 multitudinis
1842 3503 2032 3575 ¹capax
2074 3481 2254 3549 locus

153 3611 163 3624 ·-
217 3569 481 3662 co'e'unti
515 3567 887 3671 frequentiae
927 3571 1270 3645 defecerat.
1348 3579 1500 3647 Nec
1538 3581 1746 3645 multo
1788 3577 1928 3671 post
1968 3603 2256 3649 matrona

205 3693 355 3739 cum
391 3671 703 3743 comitatu
743 3671 1053 3743 mediocri
1079 3676 1145 3743 in
1169 3671 1466 3769 superiori
1488 3673 1758 3743 claustro
1778 3673 2000 3747 resedit
2022 3705 2258 3775 purpu-

195 3793 311 3843 reo
345 3767 553 3843 serico
575 3771 1037 3871 ardearumque
1057 3773 1290 3871 plumis
1315 3771 1660 3871 magnifice
1682 3775 1926 3847 exculta
1944 3823 1966 3859 ‚
2000 3781 2254 3940 quale-pp

1329 3877 1382 3943 P
1965 3939 1974 3947 ,
2100 3877 2199 3945 mi*
2242 3873 2263 3941 i
