2738 4475
454 216 626 304 ,ἶς’
992 203 1491 278 Eupnonm.
1556 211 2057 282 Sarrnrct

446 331 587 403 urbi
627 348 867 399 nornen
901 325 1014 398 est.⁴
1078 326 1178 397 Ibi
1215 329 1422 424 plures
1459 330 1707 399 externi
1743 354 1936 427 quam
1972 333 2183 414 civeS,
2221 328 2491 427 propter'

446 428 911 502 commercium
930 427 1248 497 literarum
1271 472 1291 507 ,
1318 429 1538 497 vivunt
1563 454 1579 497 t
1602 429 1842 526 quippe
1858 427 2322 527 disciplinarum
2344 430 2481 502 stu-⁷

444 527 550 600 dia
586 551 717 598 non
753 524 901 595 alibi
935 521 1269 597 illustriora
1287 525 1633 613 habentur,
1673 536 1752 599 ’δι
1782 529 2284 625 Acignianorurn
2303 524 2473 601 fama

442 624 731 699 velutiad
745 621 918 694 orbis
936 620 1448 721 supplementum
1471 647 1767 699 aetetnam
1789 624 1878 696 ibi
1890 628 2294 721 juventutem
2316 652 2473 698 con·
2514 688 2519 695 .

451 718 673 797 servat.
1233 744 1238 754 ·
2474 788 2481 797 .

512 845 516 849 ·
537 826 688 919 Ego
708 844 859 891 vero
877 818 1285 921 posteaquam
1304 822 1629 906 intellexi,
1674 847 1865 921 quam
1886 823 2069 895 multi
2090 822 2154 893 se
2173 825 2374 896 literis
2395 850 2475 898 ex

436 940 807 1021 paupertate
832 919 1241 993 vindicaflent
1261 971 1285 1007 ,
1306 946 1310 951 ·
1334 921 1529 991 etiam
1551 923 1924 1020 ignorantiae
1945 919 2184 1018 pertaes
2173 949 2242 992 us
2259 974 2281 1007 ,
2332 951 2477 1023 quae

438 1018 599 1095 mihi
621 1042 831 1089 rerum
850 1021 1238 1117 antiquarum
1256 1020 1556 1090 notitiam
1580 1016 1894 1092 auferebat
1917 1067 1938 1100 ‚
1974 1041 2040 1090 ut
2062 1044 2274 1117 neque
2294 1044 2479 1094 vete-

439 1141 578 1191 rum
615 1114 877 1189 miseriis
910 1118 986 1188 ad
1004 1116 1292 1190 solatium
1311 1116 1695 1216 utipoffem,
1736 1118 2032 1192 constitui
2050 1124 2240 1189 mein
2258 1122 2477 1192 erudi-

438 1238 651 1290 torum
683 1213 1078 1311 disciplinam
1112 1217 1280 1288 dare.
1349 1222 1496 1310 jam
1537 1218 1840 1315 grandior
1872 1213 2344 1301 adolescentia,
2398 1224 2471 1290 δε

437 1338 605 1414 pene
641 1316 709 1386 in
737 1335 1045 1387 maturam
1065 1317 1433 1397 virilitatem
1451 1316 1769 1388 declinans
1790 1314 2165 1387 abhorrebat
2187 1317 2226 1390 ὲ
2248 1342 2477 1414 puero-

438 1437 578 1485 rum
612 1410 973 1498 consortie,
1027 1414 1251 1514 quibus
1283 1415 2070 1501 meelementaliterarum
2092 1414 2477 1493 miscebantt

439 1509 547 1584 sed
567 1537 698 1583 non
717 1508 806 1582 fui
826 1506 933 1586 sub
951 1516 1192 1611 pudore
1208 1572 1230 1600 ,
1287 1522 1355 1588 &
1380 1537 1551 1587 meta
1571 1516 1817 1589 itineris
1834 1571 1853 1601 ‚
1912 1513 2088 1611 quod
2119 1515 2473 1604 intrabam,

436 1635 704 1683 omnem
754 1609 1046 1685 saxorum
1083 1612 1439 1686 scabritiem
1473 1662 1497 1700 ,
1574 1614 1683 1714 spe
1716 1614 2074 1687 dulciffima
2120 1614 2482 1714 laevigavit.

437 1714 658 1791 Etiam
691 1710 963 1809 persuasi
997 1713 1334 1786 iracundiae
1372 1736 1567 1795 meat,
1608 1740 1688 1785 ne
1727 1715 2088 1812 repudiaret
2128 1712 2483 1797 beneficia,

439 1837 581 1909 quae
602 1808 680 1882 ab
704 1812 991 1914 Acignio
1009 1812 1471 1888 offerebantur,
1507 1811 1683 1882 idest
1706 1859 1727 1890 ‚
1767 1835 1850 1882 ne
1892 1813 2190 1902 injurias,
2247 1814 2480 1910 quibus

438 1913 600 1981 olim
637 1912 1074 1984 innocentiam
1089 1906 1483 1982 laceffiverat
1505 1932 1760 1985 meam,
1796 1910 1864 1976 in
1886 1904 2214 2001 meipsum
2237 1907 2476 1979 stultis-

440 2007 603 2080 fimo
620 2004 830 2079 furore
853 2010 1165 2104 punirem.
2464 2059 2475 2069 .

533 2105 741 2200 Igitur
778 2102 1036 2201 angusta
1071 2097 1460 2171 habitatione
1497 2114 1834 2165 contentus
1859 2142 1882 2176 ,
1923 2096 2085 2168 mihi
2106 2097 2184 2169 de
2254 2096 2471 2175 uibus-

429 2199 578 2271 dam
594 2198 869 2283 libellis,
903 2199 1013 2297 qui
1031 2197 1121 2269 ibi
1142 2197 1390 2295 optime
1410 2214 1704 2268 emuntur
1722 2241 1746 2284 ‚
1768 2196 2060 2290 providi,
2083 2205 2147 2271 &
2173 2127 2253 2270 ad
2269 2228 2475 2297 gym-

426 2297 809 2370 nafiarcharn
849 2298 1112 2395 Acignii
1129 2292 1483 2369 ministrum
1501 2295 1668 2365 veni.
1727 2296 1847 2366 llle
1866 2318 2006 2365 tum
2023 2298 2296 2369 terribili
2312 2326 2468 2397 gra-

425 2397 627 2472 vitate
644 2397 714 2467 in
736 2394 1159 2494 nescioquam
1178 2419 1516 2494 puerorum
1536 2394 1866 2464 levitatem
1886 2393 2179 2467 saeviebat
2200 2444 2220 2478 ,
2261 2406 2325 2469 &
2350 2423 2465 2495 pe.

428 2520 513 2569 ne
533 2492 825 2595 ‘meipso
842 2493 1178 2593 supercilio
1192 2491 1384 2565 instar
1396 2492 1666 2565 simulati
1686 2499 1930 2565 Saureae
1951 2492 2186 2594 abegit.
2200 2501 2291 2567 At
2308 2521 2465 2568 vero

428 2593 841 2695 posteaquam
881 2596 1164 2666 animum
1198 2591 1480 2689 explicui
1512 2615 1768 2676 meum,
1803 2591 2221 2693 excusavique
2257 2620 2471 2670 annos,

429 2692 658 2793 quibus
692 2695 976 2791 iniquior
1010 2689 1264 2764 fortuna
1300 2690 1614 2763 inviderat
1649 2688 2191 2764 mansuetudinem
2221 2693 2465 2766 studio.

428 2818 569 2865 rum
592 2840 616 2876 ,
645 2789 802 2864 sane
834 2788 996 2864 visus
1040 2789 1133 2863 est
1158 2787 1435 2862 misereri
1459 2814 1616 2860 rneae
1648 2787 1830 2860 sortis
1848 2837 1870 2871 ,
1908 2816 2045 2888 quae
2071 2790 2229 2863 mihi
2250 2795 2467 2889 pueri-2,

429 2893 537 2982 tiae
570 2891 816 2966 labotes
856 2892 924 2961 in
960 2891 1139 2960 illam
1172 2911 1433 2963 aetatem
1466 2886 1865 2960 servaverat:
1900 2897 1967 2961 &
2001 2891 2470 2985 aliquantulum·

428 2987 746 3076 hortatus,
782 3012 866 3060 ne
885 2987 1384 3086 pulcherrimum
1398 2982 1641 3058 cursum
1665 2986 1924 3057 fluerem
1945 2990 2270 3057 contrariis
2292 3013 2461 3061 ven*

430 3089 516 3160 tis
540 3090 839 3187 perverti,
862 3111 968 3160 me
984 3087 1062 3160 ad
1083 3081 1293 3158 infimi
1308 3086 1552 3158 ordinis
1571 3083 1911 3157 Scholastic
1920 3110 2024 3191 um
2041 3111 2231 3158 manu
2252 3086 2460 3173 duxit,

432 3195 500 3261 δε
520 3189 587 3258 in
607 3187 961 3260 auditorum
983 3210 1317 3258 numerum
1341 3184 1611 3283 redegit.
2450 3201 2461 3212 ·

528 3290 623 3385 ,Ὅ
651 3306 861 3386 μιᾳ,
909 3290 1097 3361 Aonia
1131 3288 1458 3361 moderator
1489 3287 1746 3356 maxime
1777 3282 1945 3354 turba
1962 3327 2035 3388 ‚4
2115 3382 2121 3390 ¹
2262 3385 2269 3392 θ

2392 3410 2427 3455 u

427 3477 536 3536 'mm
563 3478 873 3552 intelligunt,
902 3499 962 3534 an
975 3483 1245 3550 abantiquo
1263 3486 1417 3535 Stem-
1437 3469 1445 3505 ‘
1469 3482 1613 3542 vis‚&
1627 3479 1849 3550 gravitate
1862 3474 2080 3531 terribilis
2096 3479 2213 3533 visus
2231 3392 2453 3541 οὒ,υῇἐῖ

429 3556 574 3602 mate
586 3551 823 3604 civitatis?
862 3551 938 3604 lbi
953 3568 1076 3605 certe
1087 3551 1273 3604 illustris
1291 3560 1410 3603 Aca·
1474 3550 1560 3601 hoe
1577 3549 1694 3616 apud
1709 3550 1817 3599 illos
1831 3547 2037 3600 tranfitet
2055 3552 2101 3598 in
2119 3551 2451 3615 proverbium„

430 3615 605 3670 demin·
887 3651 892 3655 -
1486 3677 1498 3687 ο
1539 3630 1566 3668 2
1599 3626 1803 3687 Opater,
1832 3622 1997 3669 Aonia
2009 3616 2243 3669 moderator
2265 3621 2454 3670 maxime

497 3701 522 3736 1
558 3681 955 3755 Meinas-pertitio
967 3683 1409 3755 inflasfimlaeeisoe
1465 3686 1641 3749 urbm]
1682 3686 1956 3752 Apollinem
1985 3689 2171 3736 invocat
2186 3701 2283 3737 non
2301 3684 2448 3742 solum

412 3770 503 3830 qu
512 3753 701 3828 abegit-J
728 3758 848 3809 Tam
862 3758 1016 3826 gravis
1031 3756 1117 3813 iste
1130 3763 1293 3815 Saurea
1304 3770 1412 3828 gra·
1471 3753 1863 3812 Musarumchori
1878 3754 2105 3826 prandent
2118 3768 2169 3809 ac
2180 3755 2448 3877 ωοάεὲἒιιῃο-

1895 3866 1899 3869 ·
1926 3851 1937 3856 ·
2414 3851 2443 3889 ι
