2738 4475
937 249 1780 326 ΡΑιιῙῙ.’
2065 242 2264 350 '233

225 389 382 469 pace
396 361 735 440 nobiscum
756 366 1060 440 coituros.
1102 377 1413 443 Praeterea
1434 427 1458 456 ‚
1495 372 1609 470 qui
1643 372 1774 460 iam
1789 367 1859 441 in
1881 365 2269 451 fasciculum

225 470 570 562 conjurant
590 516 617 554 ,
637 467 1001 540 domesticis
1024 466 1351 542 discordiis
1371 468 1610 545 iacens!
1631 467 1843 542 statim
1864 469 2005 541 haec
2029 472 2279 544 vincula

223 568 553 638 resolvent
575 614 599 648 ‚
617 568 841 666 quibus
861 568 1055 638 hodie
1079 594 1213 640 tuas
1231 570 1486 638 divitias
1508 566 1796 666 fatigant.
1832 568 2058 642 Trade
2082 570 2282 660 modo

217 668 537 738 intestina
557 692 727 738 arma
749 726 765 750 ,
791 672 857 736 δε
883 666 961 738 ab
979 692 1247 739 externo
1270 666 1454 738 hoste
1474 692 1703 738 vacuos
1722 670 2014 740 civilibus
2038 670 2282 742 discor-

225 766 353 836 diis
371 768 689 862 relinque.
711 770 875 856 Quis
901 766 1225 848 nescit,tot
1245 766 1624 866 respublicas
1648 764 1968 866 fore‚quot
1986 770 2282 842 civitates

227 864 440 936 hodie
457 868 719 964 vigent?
745 866 1021 938 Videbis
1047 868 1408 964 provincias
1432 866 1676 948 collidi,
1696 868 1844 938 dum
1866 894 2046 940 novo
2064 871 2278 968 impe-

225 966 337 1034 rio
359 988 553 1061 caput
575 988 851 1062 quaerent
877 996 893 1036 ε
923 975 987 1038 δε
1011 968 1348 1062 provincia·
1368 966 1614 1036 urbium
1636 968 1912 1038 motibus
1934 964 2280 1040 labascent.

223 1066 497 1156 hlajora
523 1066 685 1134 inter
704 1066 849 1134 illos
871 1066 1013 1134 odia
1037 1114 1059 1150 ,
1079 1092 1266 1162 quam
1284 1062 1616 1136 nobiscum
1640 1066 1988 1152 nascentur,
2014 1076 2078 1140 &
2103 1066 2272 1141 dissi-

213 1184 390 1260 patae
411 1165 892 1260 provinciarum
913 1164 1073 1236 vires
1095 1166 1211 1236 tibi
1229 1164 1468 1236 nudum
1490 1167 1650 1234 latus
1668 1164 2024 1238 ostendent.

327 1268 519 1334 Haec,
549 1260 861 1334 subtiliter
891 1264 1288 1334 declamante
1312 1264 1704 1336 Charridoto
1722 1320 1744 1350 ,
1782 1268 1910 1358 jam
1928 1266 2282 1340 cervicibus

213 1362 603 1458 Liphippus
623 1360 1336 1460 annuebat‚cumstisque
1356 1366 1840 1434 acclamantibus
1858 1368 1926 1436 in
1942 1368 2108 1436 hunc
2134 1385 2286 1438 mo*-

219 1460 393 1530 dum
421 1470 689 1532 Senatus
711 1460 1063 1532 consultum
1087 1462 1217 1558 ipse
1237 1456 1642 1558 conscripsit:
1668 1464 1802 1534 Sibi
1820 1466 2124 1561 pietatem
2148 1468 2288 1564 pla-

213 1584 385 1628 cere
413 1608 439 1640 ‚
463 1566 527 1630 &
553 1560 761 1628 secura
779 1560 853 1628 ad
875 1564 1081 1628 coelos
1109 1584 1256 1628 vota
1280 1608 1298 1638 ,
1324 1586 1461 1656 quae
1482 1564 1648 1632 nulla
1668 1566 1976 1660 cogitatio
1992 1566 2148 1636 belli
2168 1568 2284 1636 de-

219 1658 461 1726 ducat.
521 1662 741 1752 Itaque
777 1682 917 1726 cum
959 1656 1239 1728 hostibus
1262 1656 1470 1728 foedus
1496 1656 1894 1732 sanciendum
1912 1660 2076 1744 effe,
2114 1664 2288 1762 quod

223 1756 629 1850 opportunis
665 1754 843 1824 rebus
885 1754 1167 1852 semper,
1201 1758 1484 1854 propitio
1518 1764 1680 1830 Iove
1702 1808 1724 1842 ‚
1764 1762 2056 1832 dirimere
2072 1765 2284 1858 poffir.

227 1854 513 1926 Chorus
531 1878 607 1924 ex
633 1856 1007 1924 Melandziis
1028 1854 1139 1926 fuit
1159 1902 1179 1934 ,
1219 1860 1474 1954 antiqua
1492 1862 1778 1930 carmina
1796 1858 1874 1930 de
1896 1860 2178 1932 Lusitani
2196 1886 2296 1932 re-

220 1982 267 2054 g
281 1958 337 2022 is
365 1950 585 2022 funere
605 1952 1470 2050 superbiffimo·recitantibus
1490 1954 1670 2028 sono·

273 2052 719 2124 Succefferunt
741 2054 1027 2150 precipui
1051 2080 1128 2124 ex
1149 2058 1622 2154 [coleontczqui
1642 2060 1708 2128 in
1732 2062 1874 2130 adiu
1894 2080 2122 2158 quarto
2142 2084 2296 2160 que-

225 2154 481 2228 rebant,
503 2178 633 2251 quo
653 2152 1053 2249 compendio
1073 2154 1526 2251 rempublicam
1546 2156 2084 2232 administrarent.
2134 2166 2286 2255 Jam

237 2253 595 2323 remittenti
619 2249 841 2351 frigori
864 2251 1234 2323 succelserat
1254 2255 1402 2325 belli
1430 2277 1698 2355 tempus.
1742 2265 2064 2357 Protagon
2088 2259 2290 2333 affue-

241 2373 377 2421 tam
405 2351 769 2447 pensionem
793 2353 1097 2423 mittebat
1119 2402 1139 2435 ,
1157 2379 1344 2449 quam
1368 2355 1457 2423 illi
1476 2358 1694 2427 aerario
1718 2359 2092 2429 claudebant
2110 2407 2130 2441 ‚
2156 2359 2282 2431 dis-

241 2449 739 2545 finiulabantque
757 2455 1037 2521 animum
1061 2455 1235 2547 pacis
1254 2501 1274 2531 ,
1302 2453 1340 2523 fi
1366 2455 1400 2523 ai
1426 2455 1796 2525 Melandtiis
1816 2455 2284 2529 solicitat-entur

248 2549 327 2617 ad
361 2545 601 2617 foedus.
659 2553 809 2617 Nec
853 2553 1053 2619 multo
1091 2551 1233 2647 post
1254 2553 1548 2623 homines
1584 2553 1922 2625 aLa'betro
1940 2557 2286 2629 veniebant

253 2671 403 2715 cum
437 2647 631 2715 oliva.
685 2649 789 2715 Illi
822 2647 1139 2728 inducia,
1183 2655 1247 2719 δε
1274 2677 1425 2721 mox
1448 2675 1670 2745 pacem
1694 2697 1714 2731 ‚
1752 2653 2106 2723 incredibili
2130 2679 2288 2725 con-

253 2743 541 2825 ditione,
585 2739 887 2815 ferebant.
936 2746 1278 2819 Libertatis
1322 2759 1382 2821 δε
1412 2751 1806 2849 Reipublicae
1826 2751 2146 2851 splendida
2166 2781 2288 2825 no-

259 2845 428 2913 mina
449 2843 897 2939 ingerebantur
915 2845 989 2913 ad
1009 2841 1264 2919 fastum..
1280 2849 1466 2921 Nihil
1486 2875 1618 2921 erat
1640 2853 1852 2921 mitius
1880 2855 2286 2943 MelandriiS,

253 2947 319 3013 δεῖ
341 2941 445 3009 ubi
467 2941 1069 3019 naturamexuiffent
1087 3001 1108 3031 ,
1153 2943 1606 3021 foederatorum
1630 2951 1802 3023 turba
1824 2956 2010 3023 tacita
2031 2979 2283 3049 reputa-

249 3043 427 3109 tione
451 3043 769 3111 volvebat.
813 3045 971 3113 Mox
991 3067 1089 3115 tor
1113 3047 1428 3141 promissis
1450 3053 1716 3135 onerati,
1736 3079 2120 3147 quamquam
2144 3057 2284 3147 ple-

249 3163 331 3207 na
371 3139 579 3209 aberat
619 3139 773 3211 fides
801 3199 819 3223 ‚
861 3143 937 3211 fic
963 3145 1133 3215 inter
1151 3143 1209 3215 se
1229 3149 1670 3245 loquebantur.
1726 3151 1904 3233 Quid
1928 3149 2160 3217 deinde
2180 3177 2284 3223 aut

253 3237 609 3335 Lipbippus
633 3285 653 3317 ³
697 3263 799 3309 aut
817 3243 1129 3313 Labetrus
1149 3295 1167 3323 ,
1187 3249 1308 3315 ulla
1328 3251 1472 3335 juris
1492 3249 1774 3343 imagine
1798 3247 2090 3339 fingunt?
2120 3253 2282 3323 Non

245 3358 497 3407 tantum
527 3365 639 3407 nos
663 3341 725 3409 in
749 3341 1109 3413 libertatem
1131 3347 1494 3441 relinquunt
1514 3401 1534 3427 ,
1564 3345 1666 3426 sed
1694 3367 1920 3413 uncum
1944 3347 2100 3415 olim
2122 3351 2282 3423 libe-

241 3439 329 3507 ris
357 3433 777 3531 disceptantes
799 3489 819 3521 ‚
835 3435 1011 3511 ‘belli
1032 3489 1051 3521 ‚
1083 3443 1256 3539 quod
1280 3443 1580 3513 hassenus
1600 3443 1914 3539 gefferunt
1936 3491 1956 3523 ,
1980 3445 2284 3535 justitiam

241 3535 356 3631 ipfi
383 3535 797 3631 proscribunt.
853 3545 1025 3633 Qis
1065 3567 1286 3639 regum
1308 3543 1532 3611 iterum
1554 3541 1594 3614 a
1616 3541 1986 3613 Melandriis
2009 3547 2284 3623 violatos
2381 3634 2387 3640 ,

241 3661 377 3705 non
415 3631 653 3707 fovebit
679 3643 707 3707 ?
753 3638 789 3707 Γι
817 3641 945 3731 jam
969 3665 1101 3709 non
1121 3639 1390 3709 rebelles
1412 3643 1485 3709 ad
1504 3641 1736 3732 justum
1760 3641 2094 3737 imperium
2114 3695 2134 3727 ,
2176 3649 2286 3725 sed

235 3737 505 3811 emulos
525 3737 603 3811 ad
627 3737 947 3813 destinata
967 3737 1604 3835 supplicia.v0cabuut
1630 3743 1654 3805 ?
1678 3741 1854 3829 Qid
1876 3743 2150 3843 denique
2172 3777 2288 3819 vo-

1282 3842 1330 3909 P
1396 3863 1426 3931 5
2080 3849 2295 3952 lumus
