2738 4475
970 170 1025 247 Ρ
1130 195 1180 243 a
1276 191 1338 244 ιι
1374 172 1377 173 ᾗ
1444 194 1478 243 s
1593 175 1652 244 1.
1686 194 1694 201 ·
2232 180 2321 249 ς,
2396 228 2399 231 ,

287 297 600 401 'pollicem
615 316 842 370 meum
866 337 888 373 ‚
908 313 983 363 ac
1004 314 1073 364 ut
1093 289 1205 365 fibi
1223 288 1513 363 constare
1531 315 1760 365 venam
1779 287 1972 364 sensit
1993 345 2015 373 ,
2073 296 2135 363 ὃ(
2158 319 2334 371 men·
2362 304 2381 315 ‘

285 421 426 481 tem
446 421 691 470 arcano
705 394 936 467 morbo
951 392 1162 490 quati,
1186 415 1292 463 me
1312 391 1571 461 hilarius
1586 390 2020 488 interrogavit
2040 438 2064 473 ‚
2080 394 2341 468 vellem.

287 522 379 571 ne
401 499 615 568 etiam
636 495 712 564 ad
732 494 1078 591 Acignium
1099 487 1426 562 secedere?
1449 493 1621 563 Cum
1638 515 1769 589 ego
1786 488 2348 585 subriderem31m-
2408 558 2414 564 .

295 620 423 670 mo
443 643 471 679 ‚
504 595 709 692 inquit
726 639 748 674 ,
784 616 1073 663 eremum
1092 636 1116 671 ,
1156 612 1226 659 ut
1247 588 1549 661 existimo
1568 636 1594 671 ‚
1629 588 1813 660 malis
1833 634 1857 666 ‚
1895 597 1959 683 ὃ(
1985 586 2348 688 speluncam

307 694 561 763 duobus
599 693 1081 763 internitentem
1102 682 1280 759 astris
1301 732 1320 767 ,
1342 685 1626 784 'quorum
1646 686 2266 784 pulchritudine-jam
2285 694 2354 766 in

312 794 547 864 limine
559 787 662 861 fati
680 790 1002 863 haerentes
1023 788 1098 857 ad
1119 787 1580 880 jucunditatem
1600 784 1854 860 vivendi
1873 787 2171 860 redimus.
2226 796 2357 865 His

303 889 493 962 distis
513 939 540 973 ,
568 888 884 988 suspendit
905 889 1190 958 animum
1208 945 1227 972 ,
1271 881 1553 983 fecitque
1580 940 1598 965 ,
1643 888 1923 983 utionga
1942 890 2345 986 cogitatione

298 989 593 1061 morbum
618 1013 841 1060 meum
858 1007 1200 1085 quaererem
1220 1008 1264 1066 ‚·
1278 986 1389 1084 qui
1410 980 1675 1057 fallebat
1690 983 1892 1056 adhuc
1910 986 2340 1086 inexpertum,

297 1096 366 1163 δι
385 1090 722 1189 perplexis
744 1081 807 1158 se
823 1085 1079 1183 tegebat
1099 1084 1492 1185 ambagibus.
1544 1122 1547 1133 =
1766 1114 1767 1117 ¹

391 1189 678 1262 Etenim
697 1186 960 1285 virginis
979 1186 1143 1258 illius
1164 1183 1404 1282 species
1423 1231 1444 1264 ‚
1488 1176 1629 1284 qud
1644 1183 1806 1257 mihi
1826 1209 2011 1282 paene
2030 1184 2256 1259 sortito
2277 1188 2348 1264 in

286 1283 608 1385 spelunca
624 1285 941 1384 obtigerat
962 1333 988 1368 ‚
1026 1280 1495 1381 perambulabat
1515 1287 1793 1357 animum
1815 1310 2029 1359 meum
2055 1338 2080 1373 ‚
2116 1296 2184 1361 &
2218 1290 2350 1360 im-

279 1383 547 1459 buebat
581 1378 817 1453 affec‘tu
844 1386 1222 1453 tenerrimo.
1276 1383 1426 1453 Nec
1460 1382 1626 1453 aliud
1658 1405 1875 1454 tamen
1894 1381 2349 1485 suggerebatur

291 1480 755 1553 incertiffimae
792 1480 998 1550 menti
1017 1521 1042 1558 ,
1095 1503 1285 1575 quam
1324 1480 1499 1575 quod
1529 1478 2031 1555 humaniffimam
2069 1488 2345 1582 puellam

301 1573 752 1650 offendissem.
806 1581 1010 1648 Nunc
1044 1578 1336 1647 licentius
1371 1575 1563 1676 egisse
1583 1579 1938 1651 metuebam
1960 1627 1982 1660 ,
2022 1608 2189 1655 nunc
2207 1582 2350 1655 sub-

301 1673 632 1749 rusticum
651 1700 863 1746 meum
886 1672 1195 1772 pudorem
1212 1675 1578 1746 accusabam
1595 1720 1618 1753 ,
1637 1698 1817 1746 nutus
1838 1679 2109 1776 denique
2127 1708 2352 1755 omnes

300 1797 514 1874 atque
558 1777 758 1845 vultus
775 1830 796 1857 ,
832 1796 1139 1870 tanquam
1177 1775 1353 1845 iratae
1392 1774 1558 1845 mihi
1579 1775 1855 1844 mulieris
1876 1779 2067 1875 longa
2088 1779 2354 1853 aestima-

293 1878 495 1947 tione
519 1868 891 1972 pensabam.
952 1877 1123 1945 Haec
1159 1871 1397 1944 affidue
1419 1874 1615 1944 anxio
1636 1871 1841 1944 morsu
1866 1899 1972 1947 me
1988 1879 2352 1974 carpebant,

301 1982 374 2049 &
397 1973 837 2045 lancinabatur
858 1974 1110 2043 animus
1128 1972 1338 2042 inutili
1363 1975 1775 2070 poenitentia.
1803 1976 2005 2073 Igitur
2019 1974 2353 2076 postquam

301 2078 373 2147 in
411 2071 636 2145 urbem
658 2074 1061 2171 pervenimus
1080 2118 1102 2152 ‚
1144 2072 1248 2142 vix
1269 2074 1468 2142 etiam
1494 2074 1815 2144 Percantis
1835 2076 2232 2173 colloquium
2254 2074 2353 2150 fe-

309 2199 494 2255 rens,
532 2172 884 2273 quaerebam
907 2169 1171 2244 miseria!
1193 2195 1354 2244 meae
1374 2170 1681 2243 secretum
1701 2219 1722 2257 ‚
1758 2199 1887 2272 quo
1907 2200 2013 2247 me
2032 2173 2251 2264 affari,
2272 2187 2343 2252 &
2404 2208 2411 2211 ²

309 2274 642 2371 objurgare
664 2275 952 2344 dolorem
975 2274 1218 2342 liceret.
1282 2278 1508 2371 Itaque
1529 2270 1678 2342 dum
1701 2279 1935 2344 cultum
1960 2276 2246 2348 nostrum
2272 2283 2342 2351 in

308 2371 620 2444 stabulum
650 2374 904 2468 reponit
934 2427 955 2455 ,
991 2368 1208 2441 furtim
1228 2367 1489 2442 subduxi
1509 2393 1614 2441 me
1637 2426 1655 2452 ‚
1697 2377 1758 2440 δι
1785 2374 1849 2441 in
1869 2370 2227 2468 proximam
2252 2380 2347 2448 la-

319 2468 573 2538 tebram
591 2471 841 2558 conieci
859 2513 881 2542 ι.
920 2471 1221 2566 coepique
1237 2468 1603 2569 graviffime
1624 2467 1901 2540 accusare
1924 2474 2347 2567 perturbatio-

324 2589 485 2636 nem
525 2567 650 2653 jam
684 2565 743 2634 se
767 2566 968 2661 magis
1002 2564 1317 2666 magisque
1337 2570 1723 2668 prodentem
1744 2613 1766 2648 ,
1803 2592 1920 2639 nec
1948 2571 2162 2641 silebat
2182 2573 2352 2647 intra

324 2688 437 2737 me
458 2661 689 2735 discors
710 2661 973 2734 affeetus
996 2710 1016 2743 ‚
1041 2672 1106 2736 &
1133 2689 1328 2762 prope
1344 2667 1583 2739 vocalis
1602 2672 1780 2766 Trag
1791 2669 1958 2741 oedia
1978 2667 2040 2741 se
2060 2661 2349 2771 quaerenss-

320 2765 405 2835 tis
422 2810 445 2845 ‚
482 2787 599 2835 nec
619 2764 1012 2835 invenientis
1029 2765 1224 2862 animi
1252 2765 1656 2838 submovebat
1681 2794 2085 2869 erumpentes
2105 2771 2347 2872 singul-

315 2885 442 2945 tus,
467 2874 533 2938 &
558 2868 621 2934 in
646 2861 815 2934 hunc
834 2860 1100 2934 modum
1116 2865 1546 2965 eloquebaturt
1572 2873 1784 2958 Qam
1806 2889 1990 2942 antea
2008 2895 2141 2941 non
2162 2877 2347 2944 vide-

316 2988 413 3036 ras
430 3009 454 3044 ,
490 2966 663 3056 cujus
683 2965 882 3034 etiam
901 2983 970 3033 te
989 2957 1258 3036 nefanda
1280 2965 1598 3036 curiositas
1621 2967 1951 3041 offendere
1971 2968 2189 3040 debuit
2210 3016 2232 3051 ,
2275 2992 2346 3043 ut

322 3083 391 3133 te
406 3060 486 3133 fic
503 3064 895 3135 imbecillem
918 3083 1209 3162 torqueat
1226 3069 1258 3135 i*
1296 3063 1436 3136 esto
1451 3112 1474 3145 ‚
1501 3064 1576 3136 sit
1595 3067 1751 3136 irata
1774 3114 1796 3148 ,
1818 3065 1891 3135 iit
1912 3061 2169 3154 aversa3
2189 3094 2346 3142 con-

322 3183 605 3258 queratur
642 3162 723 3233 de
763 3163 988 3254 injuria
1009 3208 1031 3241 ,
1066 3159 1109 3232 si
1140 3188 1328 3260 quam
1360 3166 1595 3236 merito
1628 3162 1736 3233 suo
1768 3167 2014 3262 accepit
2035 3191 2065 3236 τ’
2096 3191 2204 3239 cur
2219 3167 2347 3243 hoe

320 3284 491 3359 aegre
512 3258 658 3333 fers?
678 3286 870 3361 quare
891 3262 1227 3361 indignum
1249 3265 1561 3334 maceras?
1588 3270 1766 3332 Itane
1784 3262 2351 3365 'parricidalquanta

320 3359 660 3432 timiditate
689 3358 1001 3459 peccasti,
1038 3383 1215 3432 tanta
1250 3386 1419 3432 nunc
1458 3361 1713 3431 audacia
1744 3360 1994 3434 excusas
2024 3368 2349 3464 ineptissi.

316 3482 500 3532 mum
532 3455 767 3531 scelus?
811 3462 940 3534 His
972 3461 1172 3533 diffie
1208 3462 1516 3531 attentius
1559 3457 1700 3530 haefi
1722 3504 1745 3539 ‚
1781 3461 2067 3560 mihique
2090 3466 2347 3542 videbar

321 3559 553 3630 intueri
573 3606 595 3641 ,
635 3555 677 3629 fi
715 3561 865 3658 quid
900 3558 1169 3632 turbatae
1213 3560 1448 3630 mentis
1475 3552 1760 3628 confusio
1780 3559 2191 3661 suggeffiffet.
2240 3574 2349 3660 Ac

308 3658 568 3745 tandem
585 3657 650 3733 id
665 3662 915 3760 placere
932 3656 1136 3738 visum
1157 3655 1252 3730 est
1267 3675 1296 3740 ',
1332 3657 1639 3758 quoniam
1661 3657 1736 3732 ad
1754 3656 1993 3738 suuima
2012 3663 2359 3822 &impug-

1888 3779 1907 3788 -
2262 3793 2269 3799 ,
2332 3782 2364 3826 ²
