2738 4475
914 248 970 321 P
1071 251 1127 317 'a
1222 267 1276 319 n
1378 271 1412 317 s
1526 248 1562 316 1
1584 248 1680 321 V.
1776 277 1788 289 ·
2180 262 2281 345 44
2296 274 2327 323 1

287 370 601 474 Hispania
637 366 990 441 divinarum
1028 391 1236 442 rerum
1269 367 1565 441 scientias
1584 362 1910 465 profiteri,
1984 361 2196 437 statim
2214 369 2338 443 hac

337 473 615 546 olitioris
636 470 930 566 ἀοᾶῐὶης
948 470 1122 539 velut
1140 463 1403 546 infamia
1421 469 1646 542 eviluit
1665 511 1685 547 ‚
1704 460 2108 563 admotisque
2127 470 2336 563 preci-

289 502 405 645 bus
423 571 708 670 supplex,
735 567 772 637 a
789 565 907 641 suae
929 567 1240 639 libertatis
1257 567 1542 640 dominis
1563 565 1931 665 impetravit
1950 565 2102 635 alias
2126 563 2336 652 sedes,

298 681 364 747 &
385 671 502 745 suae
527 668 940 740 humanitatis
959 669 1303 765 patientes.
1356 667 1684 762 Praecipua
1699 664 1775 735 ad
1801 664 2179 736 Germaniae
2195 692 2343 739 mo·-

299 798 436 847 rem
475 771 569 841 ibi
603 766 975 838 eruditionis
1016 765 1256 864 species
1279 823 1299 852 ,
1356 767 1638 864 prolixis¹
1675 762 2106 836 voluminibus
2140 790 2343 861 pauca

300 868 691 966 complec0ti3
745 863 848 937 sed
879 865 1076 938 &illa
1098 859 1472 965 plerumque
1489 889 1569 935 ex
1589 863 1726 935 aliis
1748 862 2109 934 auctoribus
2127 863 2343 962 super..

304 993 508 1044 vacuo
523 966 730 1038 labore
752 964 1079 1063 decerpta.
1151 969 1240 1037 Et
1260 963 1387 1036 hoc
1409 963 1671 1063 quidem
1695 961 2183 1037 Academiarum
2200 991 2347 1039 ma-

303 1071 435 1142 lum
463 1065 576 1139 est.
634 1071 715 1136 In
737 1066 984 1137 caeteris
1008 1062 1260 1135 urbibus
1282 1089 1418 1135 non
1435 1063 1601 1134 adeo
1616 1060 1916 1160 frequens
1931 1059 2026 1132 est
2044 1059 2348 1140 scientia.

301 1193 440 1242 rum
475 1166 940 1238 commercium
994 1164 1138 1262 (uisi
1217 1162 1344 1235 uod
1367 1170 1384 1200 ¹
1404 1163 1474 1235 in
1506 1159 1628 1233 suae
1650 1160 1932 1259 regionis
1949 1159 2339 1261 dignitatem

295 1268 494 1340 libros
515 1265 724 1364 patrio
740 1260 1032 1336 sermone
1048 1190 1447 1361 conscriptos
1465 1281 1682 1335 amant
1697 1257 1967 1353 haberi3)
1989 1261 2249 1335 Prorsus
2268 1286 2346 1339 ut

298 1368 369 1441 iu
387 1363 676 1440 militaris
696 1365 977 1435 nominis
995 1361 1310 1436 ambitum
1327 1359 1659 1433 videantur
1677 1357 1844 1432 hanc
1859 1355 2132 1436 formam
2149 1360 2346 1460 seve-0

293 1466 482 1540 rioris
497 1465 569 1535 in
589 1457 751 1534 Mus
740 1487 812 1531 as·
825 1462 1240 1560 negligentiae
1257 1456 1619 1558 quaefiviffe.
2242 1521 2249 1528 ,

398 1558 796 1635 Reconditae
830 1559 959 1630 illis
995 1580 1244 1632 mentes
1262 1606 1285 1640 ,
1343 1566 1412 1633 &
1450 1558 1532 1631 ad
1562 1560 1734 1633 lenta
1766 1560 2029 1636 consilia
2063 1557 2353 1665 ἱᾶοιιεςὲ

300 1661 491 1736 Hinc
522 1660 758 1757 longos
775 1658 1103 1728 cuniculos
1119 1683 1306 1757 agere
1320 1706 1349 1745 ,
1384 1665 1454 1733 &
1474 1660 1672 1732 veluti
1684 1653 1941 1736 obseffis
1958 1663 2106 1735 inas
2175 1666 2354 1740 ἂοεε

304 1765 518 1834 Arma
538 1762 606 1827 &
629 1780 854 1855 pacem
879 1781 957 1828 ex
975 1753 1094 1827 suis
1113 1756 1515 1857 temporibus
1534 1754 1988 1857 sapientissime
2007 1691 2350 1837 aeliiemare.

305 1855 573 1955 Opibus
598 1857 847 1927 animos
870 1852 1159 1956 subigere
1175 1916 1196 1943 ,
1237 1857 1319 1929 ab
1336 1856 1460 1931 hac
1475 1859 1719 1932 ἱηνίἂιι
1737 1880 1869 1931 arte
1890 1859 1971 1931 de
1987 1857 2350 1936 fortiffimis

299 1956 602 2057 gentibus
618 1955 1039 2052 triumphare.
1099 1957 1395 2031 Maxime
1411 1978 1625 2030 autem
1639 1954 1927 2033 solemne
1946 1958 2039 2034 est
2056 2013 2083 2050 ,
2121 1960 2200 2035 ad
2233 1988 2369 2063 pa·.

302 2054 563 2129 randam
581 2057 1010 2128 reverentiam
1034 2102 1059 2137 ‚
1092 2058 1360 2130 nomine
1378 2056 1680 2130 coelitum
1696 2059 1793 2130 uti
1811 2104 1836 2139 ‚
1885 2058 2222 2160 specieque
2251 2061 2355 2154 sa-J

302 2180 552 2228 crorum
571 2153 915 2227 subducere
931 2154 1245 2228 ambitum
1263 2157 1469 2228 oculis
1490 2157 1694 2256 vulgi.
1747 2160 2029 2233 Numiui
2061 2158 2193 2231 suas
2230 2169 2353 2235 cu-·'
2362 2213 2367 2224 ·

307 2255 605 2355 piditates
622 2256 971 2356 imputant,
994 2263 1091 2343 δε,
1111 2256 1310 2330 veluti
1331 2281 1448 2356 pro
1464 2258 1580 2329 ino
1595 2257 2348 2360 depugnantes,solertis-

305 2353 463 2428 fime
480 2353 590 2427 fibi
606 2354 896 2428 vincunt.
953 2356 1076 2428 Illa
1094 2356 1296 2428 veluti
1313 2352 1675 2455 prefatione
1689 2404 1714 2440 ‚
1731 2359 1798 2431 in
1816 2360 2109 2436 omnium
2130 2386 2351 2437 rerum

307 2475 553 2552 coepta,
565 2472 868 2553 tanquam
889 2455 960 2525 in
978 2451 1232 2529 scenam
1257 2464 1327 2531 δε
1346 2457 1737 2556 tragoediam
1753 2505 1777 2539 ,
1809 2459 2071 2530 intrant.
2120 2462 2353 2533 Ferdi-

281 2554 601 2645 4nandus‚
635 2560 702 2624 δι
727 2550 1030 2634 isabella,
1062 2553 1229 2628 hunc
1265 2557 1398 2649 jam
1436 2557 1715 2655 patrium
1734 2579 1983 2628 morem
2000 2558 2357 2654 nepotibus
2470 2608 2477 2625 ι

311 2650 724 2723 tradiderunt.
783 2653 1053 2749 Qippe
1087 2654 1154 2724 in
1190 2652 1477 2727 hostibus
1509 2652 1632 2727 suis
1663 2651 2074 2727 inveniebant
2105 2654 2355 2754 publici

318 2749 458 2821 odii
479 2744 723 2821 causam
741 2797 764 2831 ,
800 2748 964 2821 adeo
993 2771 1062 2824 ut
1090 2747 1338 2852 semper
1365 2756 1438 2828 in
1469 2754 1658 2827 bellis
1676 2751 1851 2827 credi
1868 2754 2109 2827 vellent
2124 2754 2355 2857 ,diving

311 2849 637 2947 iracundie
656 2848 1038 2929 ministrare.
1109 2852 1286 2925 Cum
1303 2877 1704 2928 externarum
1722 2855 2014 2951 gentium
2030 2854 2358 2955 Principi-

312 2952 430 3026 bus
451 2951 682 3034 acturi,
701 2975 833 3021 non
849 2975 928 3022 ex
951 2951 1399 3049 Optimatibus'
1416 2953 1784 3029 Ducibusve
1804 2958 2157 3031 Oratorem
2172 2959 2359 3056 lege-

312 3050 470 3123 bant
485 3096 510 3132 ,
546 3046 656 3121 sed
693 3048 774 3121 ab
792 3051 1055 3143 alicujus
1075 3051 1443 3127 monasterii
1456 3050 1797 3127 solitudine
1813 3055 2190 3125 extractum.
2248 3061 2354 3129 Ita

316 3172 529 3247 preter
563 3146 792 3220 recisos
828 3151 1169 3249 legationis
1188 3151 1513 3254 sumptus,
1552 3153 1747 3225 fidem
1769 3174 2025 3250 quoque
2039 3145 2356 3241 ejusmodi

322 3244 584 3320 feciales
619 3256 685 3320 δι
722 3253 1151 3324 reverentiam
1177 3255 1461 3352 negocio
1492 3249 1832 3324 faciebant.
1898 3247 2222 3346 Equidem
2252 3252 2363 3326 di-

317 3346 691 3448 gniffimum
710 3349 891 3421 laude
912 3372 1133 3449 putem
1150 3408 1172 3437 ,
1193 3350 1368 3451 quod
1390 3348 1664 3448 Hispani
1687 3352 1753 3422 in
1773 3371 2003 3449 magna
2016 3346 2358 3430 hominum

2068 3473 2360 3548 penuria,

398 3618 423 3655 r
463 3612 520 3655 ιη
533 3607 627 3671 13ae
647 3608 1227 3680 regimhdignimmtibm
1236 3623 1314 3675 pa-
1374 3609 1502 3660 mina
1519 3642 1535 3667 ,
1563 3624 1661 3679 quae
1675 3608 1759 3662 sub
1792 3612 2133 3665 commentitiis
2147 3618 2357 3666 Heroum

325 3674 412 3724 trio
436 3675 634 3753 [in-nune
671 3680 914 3746 conscriptos
956 3693 1102 3729 me
1125 3678 1315 3744 habeta]
1372 3676 1716 3757 narrationibus
1731 3712 1752 3739 ,
1794 3680 2162 3759 magnitudinem
2195 3680 2359 3748 Hispa-

324 3742 436 3811 Qua
452 3760 503 3793 ιιι
517 3759 567 3793 re
582 3747 788 3812 Anglos,
806 3749 972 3805 italos.
992 3749 1043 3795 δι
1061 3746 1226 3795 Gallos
1242 3742 1317 3796 su-
1374 3761 1531 3795 nicam
1543 3746 1778 3797 celebrant
1792 3766 1807 3797 z
1840 3763 2007 3816 vixque
2032 3752 2114 3803 alii
2139 3750 2259 3802 olim
2273 3764 2353 3815 pe·

320 3825 508 3880 perant.
539 3817 712 3867 Extant
723 3815 926 3885 plurima
938 3811 1172 3883 eiufiuodi
1181 3814 1317 3899 volu-
1375 3813 1559 3897 ritiores
1573 3816 1628 3873 in
1639 3814 1711 3873 his
1727 3815 2038 3953 cxcggzitgndis
2050 3819 2365 3935 “amram-⁴
