2738 4475
1976 251 1990 280 ἲ

783 284 918 357 ··P
1021 308 1071 356 Δ
1168 308 1222 358 R
1317 285 1623 358 s-1v.
2095 308 2248 386 541

227 413 347 492 bus
370 413 556 490 avide
572 410 856 486 credant.
932 410 1056 484 Sed
1079 427 1230 483 tunc
1251 412 1528 483 maxime
1550 408 1840 509 populari
1879 405 1998 480 risu
2029 407 2263 502 jaetan-

233 541 373 599 tur‚
406 514 450 586 fi
472 571 493 600 ‚
511 535 819 612 tanquam
839 508 956 586 suae
980 510 1159 582 sortia
1175 511 1436 609 puderet
1455 558 1477 589 ‚
1497 510 1565 579 in
1589 509 1898 582 militares
1915 510 2164 580 animos
2185 512 2262 583 ad

231 614 561 690 sermones
595 634 970 710 erumpant,
1019 609 1061 681 fi
1102 612 1170 682 in
1205 609 1492 709 corporis
1531 610 1697 679 cultu
1730 613 2007 681 aularum
2042 609 2266 682 adum-

234 715 424 788 brent
442 713 706 785 delicias
729 758 755 795 ,
788 705 1168 806 caeterasque
1190 711 1548 807 voluptates
1570 703 2017 782 consectentur
2037 767 2058 794 ,
2078 719 2269 809 toga*

235 841 378 890 rum
412 821 482 887 δε
505 809 924 898 ,tribunalium
967 805 1280 901 majestati
1314 833 1451 881 non
1483 805 1848 892 concess‘as3
1893 811 2065 900 Qae
2098 835 2271 882 non·-

231 939 372 989 nun
421 937 565 985 uam
587 912 739 985 vitia
758 912 1170 1008 inexpertam
1184 907 1390 980 adhuc
1409 903 1653 990 fallunt·
1677 910 1856 996 (nam
1895 911 1961 980 &
2003 905 2166 1010 saepe
2185 910 2269 984 ad

241 1012 358 1086 has
375 939 446 1084 di
495 1013 720 1084 nitates
738 1007 1130 1100 subvehitur)
1154 1010 1578 1103 juventutem.

342 1113 424 1184 Se
503 1109 666 1183 nihil
703 1107 972 1209 publicae
1007 1107 1268 1181 utilitati
1304 1101 1871 1206 magisinfestum,
1908 1130 2099 1206 quam
2120 1134 2271 1184 cum
2351 1128 2359 1137 '

236 1209 651 1311 Magistratus
673 1255 695 1292 ‚
716 1202 1095 1307 judicesque
1108 1249 1131 1287 ‚
1155 1206 1343 1281 obliti
1362 1205 1650 1281 nominis
1669 1207 1838 1278 Dcae
1856 1208 2026 1281 illius
2045 1256 2068 1291 ,
2093 1210 2273 1301 cujus

242 1311 444 1384 titulis
462 1357 487 1392 ‚
528 1318 597 1384 δι
639 1312 840 1383 veluti
857 1308 1089 1382 vicaria
1108 1305 1238 1380 fide
1259 1354 1282 1390 ‚
1321 1307 1417 1399 jus
1437 1306 1659 1378 dicunt
1680 1352 1703 1387 ‚
1738 1330 1815 1378 ex
1837 1310 2275 1409 magnitudine

242 1434 578 1485 munerum
601 1430 705 1480 aut
722 1409 1113 1508 litigantium
1150 1407 1354 1506 gratia
1373 1448 1397 1484 ,
1436 1403 1736 1477 affectum
1773 1430 2271 1508 componentes,

239 1508 388 1607 ipsis
410 1506 665 1608 legibus
685 1509 1024 1602 imponere
1044 1528 1178 1577 non
1198 1523 1521 1577 verentur.
1596 1504 1743 1577 Nec
1766 1503 1955 1580 facile
1972 1506 2271 1596 dixerim,

236 1627 374 1679 utra
411 1606 730 1705 pernicies
769 1601 1266 1703 Rempuincam
1303 1604 1483 1702 pejus
1515 1599 1814 1687 infestet,
1854 1632 2000 1690 cum
2019 1608 2272 1693 amicis,

245 1725 354 1776 aut
375 1728 525 1776 cum
545 1702 827 1802 pecuniae
848 1704 1208 1801 indulgent.
1275 1703 1548 1804 Qippe
1579 1703 1685 1775 illa
1716 1702 1987 1782 facilitas
2002 1705 2162 1779 nihil
2182 1704 2278 1778 sa·-

250 1801 606 1875 miliaribus
625 1802 1185 1904 negandi‚]udicis
1204 1802 1489 1874 animum
1507 1803 1826 1901 impietati
1861 1809 2066 1905 aperit
2087 1865 2108 1898 ‚
2164 1832 2279 1907 pet

250 1900 372 1973 hos
393 1899 785 2001 flagitiorum
803 1901 1038 1998 gradus
1058 1901 1150 1972 ita
1166 1897 1568 1975 afl‘uefastum
1594 1947 1618 1983 ,
1658 1918 1726 1974 ut
1745 1904 2046 1978 excusatis
2067 1906 2108 1978 s
2098 1908 2285 2006 pecie

248 2001 554 2074 amicitiae
576 1996 911 2075 sceleribus
933 2050 955 2084 ,
1035 2000 1211 2072 ostea
1244 1999 1606 2100 ubicunque
1638 2002 1860 2076 odium
1879 2025 1984 2077 aut
2003 2003 2283 2104 spes‘im·
2388 2061 2398 2072 .

249 2100 509 2200 pulerit,
530 2124 793 2198 peccare
811 2126 946 2175 non
961 2026 1210 2176 AEbitet
1235 2146 1259 2184 ,
1296 2099 1363 2172 id
1383 2101 1642 2175 tandem
1666 2127 1784 2201 pro
1805 2100 1870 2176 se
1887 2101 2089 2192 ausuS,
2107 2103 2284 2208 quod

251 2200 476 2274 amicis
497 2200 770 2296 primum
790 2197 1072 2274 indulsit.
1345 2213 1350 2218 ‘

353 2298 556 2391 Quod
573 2298 618 2369 ss
640 2302 866 2374 acriter
886 2297 1128 2374 divitiis
1145 2298 1525 2374 incumbunt
1541 2348 1566 2384 ‚
1586 2299 1630 2373 fi
1649 2326 1939 2403 quaerunt
1956 2305 2038 2379 de
2058 2305 2285 2407 populi

250 2400 436 2474 malis
474 2423 629 2497 opes
646 2445 674 2499 2
715 2420 871 2472 tunc
905 2399 1175 2488 omnino
1190 2399 1589 2496 Reipublicae
1608 2426 1834 2501 corpus
1856 2402 1968 2477 sub
1989 2408 2117 2477 illis
2135 2430 2282 2478 me-

253 2497 415 2571 dicis
439 2499 578 2596 plus
596 2499 882 2572 remedio
899 2523 1091 2598 quam
1107 2497 1468 2572 vulneribus
1496 2498 1763 2573 laborat.
1832 2505 2026 2573 Pauci
2062 2524 2285 2574 tamen

253 2618 481 2695 aperto
517 2592 798 2670 facinore
832 2599 1062 2671 audent
1095 2600 1200 2671 vel
1239 2596 1358 2670 suae
1393 2595 1770 2695 cupiditati,
1811 2601 1912 2670 vel
1933 2601 2286 2673 amicorum

260 2693 515 2769 servire.
566 2694 692 2767 Sed
712 2696 804 2769 est
825 2698 1057 2770 lentior
1074 2695 1267 2795 pestis
1287 2742 1310 2777 ‚
1347 2718 1453 2767 aut
1473 2694 1516 2766 fi
1539 2697 1738 2768 mavis
1757 2696 2041 2772 modesta
2061 2698 2288 2771 crude-

260 2795 407 2864 litas
424 2842 446 2879 ,
469 2797 535 2864 δι
558 2795 684 2887 jam
702 2794 831 2893 ipsa
847 2795 1306 2869 consuetudine
1320 2792 1609 2867 excusata
1624 2851 1645 2882 ,
1669 2795 1881 2896 longis
1903 2795 1943 2869 s
1931 2799 2145 2871 cilicet
2166 2823 2290 2870 no-

257 2892 357 2965 dis
393 2895 709 2991 impedire
742 2896 1077 2992 produ&as
1096 2896 1165 2967 in
1188 2891 1397 2968 sorum
1414 2893 1590 2969 suum
1615 2894 1822 2967 causas
1848 2944 1869 2979 ‚
1907 2905 1974 2973 δι
1995 2896 2283 2979 infinito,
2346 2926 2361 2941 ·

244 2988 327 3065 'ac
353 2995 546 3070 veluti
567 2992 869 3095 religioso
893 2995 1123 3067 ordine
1156 3042 1178 3077 ‚
1219 2994 1297 3067 ad
1317 2995 1560 3068 exitum
1578 2991 1715 3068 sero
1732 2996 2101 3094 producere·
2155 2999 2290 3071 His

255 3092 491 3165 artibus
530 3118 796 3193 regnum
833 3092 1009 3166 suum
1029 3094 1385 3192 producunt
1414 3096 1480 3167 in
1497 3092 1806 3190 miseros3
1858 3103 1925 3168 &
1952 3094 2288 3167 vastandos
2332 3130 2341 3139 ·

257 3189 505 3262 uberius
524 3192 830 3265 ministris
869 3191 991 3266 suis
1028 3194 1323 3282 tradunt3
1364 3192 1823 3293 patronosque,
1879 3201 1946 3265 δι
1983 3196 2114 3287 jam
2149 3219 2290 3267 ma-

256 3312 453 3390 gnam
474 3291 649 3363 illam
663 3314 955 3390 gentem,
978 3318 1117 3393 quae
1139 3295 1444 3365 clientum
1465 3289 1740 3376 miseriis,
1754 3290 2065 3391 saginatur
2085 3340 2108 3375 ‚
2133 3318 2282 3392 per·

261 3387 414 3460 enni
441 3387 614 3483 pastu
650 3392 945 3487 implent.
1007 3394 1171 3488 Qis
1193 3389 1350 3464 ferat
1372 3400 1439 3464 δι
1460 3388 1858 3488 quorundam
1877 3394 2070 3465 malas
2090 3395 2289 3465 artes?

252 3485 510 3586 Judicia
534 3542 554 3571 ,
596 3512 733 3584 quae
756 3489 869 3585 ipsi
889 3490 1165 3563 vendere
1185 3485 1393 3588 palam
1415 3492 1649 3561 timent
1672 3536 1693 3569 ‚
1734 3486 1842 3559 sub
1876 3492 2012 3563 aliis
2031 3490 2290 3566 seciori·

256 3591 376 3658 bus
396 3584 819 3685 prostituunt:
877 3588 1212 3660 Ministros
1238 3589 1354 3662 suae
1375 3589 1554 3661 domi
1577 3637 1598 3670 ‚
1636 3589 1671 3659 a
1694 3592 2044 3673 memoria,
2083 3594 2119 3664 a
2141 3591 2293 3664 scri-

258 3683 591 3782 ptionibus
614 3683 889 3757 habent:
945 3689 1055 3786 qui
1088 3691 1412 3788 digerere,
1450 3689 1558 3785 qui
1593 3685 1833 3759 servare
1868 3694 2058 3763 relata
2094 3694 2181 3763 ita
2222 3694 2289 3763 in

251 3782 507 3885 scriptis
531 3781 1029 3886 disceptantium
1049 3809 1418 3888 argumenta
1438 3792 1500 3886 βε
1524 3784 1941 3864 instrumenta
1957 3792 2168 3887 litium
2186 3789 2294 3873 so·

2123 3890 2284 3955 lent.

189 2287 236 2334 Χ
