2738 4475
443 227 600 327 484
925 219 2022 302 Euvnonmsssmrmcr

442 351 488 426 fi
504 347 661 447 quid
679 346 773 422 est
793 369 1094 447 praeterea
1107 348 1176 419 in
1192 345 1475 419 scientiis
1498 346 1739 419 curiosa
1757 343 2094 420 venustate
2122 342 2500 446 speoestabilee

445 476 596 522 cum
616 451 693 519 iis
712 474 872 548 quos
898 447 1120 545 lychni
1138 445 1504 547 umbraeque
1522 447 1893 519 scholarum
1912 448 2202 518 rudiores
2219 447 2295 519 ad
2318 448 2501 518 civi·

446 553 527 623 lis
546 547 1022 647 gubernationis
1041 542 1407 645 disciplinas
1425 542 1663 618 faciunt
1681 592 1702 628 ‚
1731 546 1812 617 de
1849 548 2235 643 populorum
2251 552 2315 617 &
2338 553 2447 618 Im
2457 581 2501 615 -r

444 653 768 749 perior-um
791 642 939 718 fatis
961 701 984 729 ,
1002 644 1086 717 de
1104 647 1474 743 Principum
1492 648 1713 743 genio,
1733 641 2066 743 disputent
2084 677 2114 738 ς,
2161 647 2484 718 neminem

446 750 726 844 denique
745 748 814 818 in
833 743 935 816 sua
949 765 1084 816 arte
1100 743 1425 818 lacessant.
1475 749 1715 843 Neque
1729 745 1904 816 enim
1922 745 2283 843 ingratum,
2295 745 2364 816 in
2381 741 2487 814 so-

447 847 693 920 ciandis
723 843 1050 917 interdum
1090 840 1486 916 sermonibus
1508 844 1586 915 ad
1605 869 1704 916 res
1721 844 1796 914 iis
1813 843 1922 941 qui
1942 842 2219 915 audiunt
2237 845 2491 925 alienas,

447 969 550 1019 aut
573 948 864 1046 ignotas,
906 942 1229 1014 divertere
1250 988 1271 1021 ‚
1305 941 1654 1040 praesertim
1687 967 1833 1017 cum
1869 948 1935 1013 &
1973 964 2149 1015 nova
2166 969 2296 1014 nos
2319 942 2500 1017 dele-

450 1049 630 1119 &ent
646 1091 668 1125 ‚
697 1052 760 1117 δι
782 1043 863 1114 de
884 1043 961 1112 iis
981 1067 1120 1142 quae
1139 1036 1456 1113 nescimus
1476 1040 1901 1140 quaedam‘nos
1922 1041 2111 1111 altior
2131 1043 2399 1138 opinio,
2427 1044 2501 1111 δε

444 1144 824 1219 reverentiae
858 1141 1048 1240 plena
1069 1186 1092 1222 ‚
1130 1137 1372 1212 subeat.
1445 1143 1659 1222 Minus
1681 1137 2095 1238 periculiistis
2116 1138 2500 1210 oratoribus

444 1245 568 1317 erit
586 1301 609 1328 ,
652 1242 760 1314 ubi
795 1265 940 1313 cum
977 1239 1207 1311 humili
1236 1247 1305 1312 &
1346 1238 1603 1339 angusto
1616 1240 1976 1311 animorum
1995 1262 2232 1336 genere
2255 1257 2492 1336 agent,

448 1344 551 1415 eui
588 1341 810 1415 omnia
839 1364 984 1440 qua:
1003 1336 1225 1410 audaci
1241 1340 1507 1439 laetaque
1525 1336 1812 1411 facundia
1831 1333 2237 1409 effunduntur
2253 1380 2278 1416 ‚
2335 1358 2498 1407 tan-

450 1466 642 1540 quam
684 1438 866 1512 sacrae
902 1446 971 1513 &
1013 1463 1126 1537 per
1150 1441 1439 1511 Oracula
1453 1438 1640 1511 edita
1657 1462 1894 1529 voces,
1930 1439 2206 1535 placent.
2266 1434 2486 1534 Igitur

449 1541 564 1613 has
606 1540 838 1638 ubique
870 1559 1078 1638 partes
1115 1534 1461 1636 suscipiant
1484 1585 1507 1622 ,
1548 1563 1705 1638 quas
1724 1563 1806 1613 ex
1824 1536 2208 1609 audientium
2222 1531 2388 1606 sorte
2403 1532 2488 1604 ad

451 1638 621 1712 suam
644 1637 877 1711 famam
897 1640 1021 1711 esse
1045 1636 1462 1710 crediderint.
1519 1636 1729 1725 Quod
1772 1639 2035 1738 quidem
2066 1635 2216 1707 ideo
2254 1631 2508 1710 facilius

455 1760 797 1839 poterunt,
853 1739 1002 1839 quia
1037 1737 1201 1809 adeo
1234 1734 1458 1810 diffusa
1496 1740 1762 1838 ingenia
1794 1764 1909 1837 per
1924 1738 2183 1809 cunetas
2214 1732 2507 1807 scientias

456 1861 647 1937 atque
667 1859 834 1911 artes
854 1837 1083 1911 erudiri
1100 1838 1189 1908 ita
1209 1838 1462 1933 possunt
1481 1885 1504 1921 ,
1544 1842 1805 1913 Natura
1842 1860 2167 1937 praeeunte
2189 1883 2214 1919 ‚
2270 1844 2337 1909 δι
2364 1857 2508 1904 mo-

458 1938 611 2011 dico
650 1935 819 2010 forte
852 1936 960 2010 usu
977 1986 1001 2021 ‚
1047 1957 1114 2009 ut
1134 1934 1212 2007 de
1228 1934 1417 2023 rebus
1434 1937 1738 2009 omnibus
1754 1963 1886 2009 non
1904 1939 2132 2035 inepte
2147 1939 2511 2036 loquantur,

465 2060 616 2108 eum
634 2058 851 2111 tamen
872 2038 1108 2137 lingula
1126 2036 1331 2135 magis
1352 2062 1485 2108 non
1503 2038 1806 2135 ignorent
1826 2061 2021 2135 quam
2044 2058 2339 2109 teneant.

564 2136 858 2207 Scribere
902 2157 1113 2208 autem
1153 2133 1467 2230 ejusmodi
1488 2136 1755 2210 Oratori
1774 2155 1909 2207 tam
1930 2135 2205 2208 arduum
2227 2138 2384 2217 erit,
2437 2139 2504 2207 δε

464 2232 843 2333 plerumque
862 2234 943 2308 ad
963 2230 1198 2309 famam
1215 2235 1538 2309 exitiabile
1557 2279 1581 2316 ‚
1613 2260 1805 2334 quam
1842 2230 2042 2306 facile
2082 2244 2154 2306 &
2181 2234 2507 2308 venustum

463 2330 557 2401 est
592 2332 794 2432 loqui.
846 2336 1029 2408 Raro
1047 2334 1223 2409 enim
1240 2336 1340 2408 illi
1356 2334 1711 2435 spontaneae
1733 2341 2126 2431 eloquentiae
2150 2335 2386 2407 additur
2402 2334 2504 2406 vis·

465 2429 711 2525 judicii,
732 2459 872 2535 quae
895 2432 1124 2534 stylum
1144 2439 1416 2533 perenni
1431 2436 1632 2536 gratia
1646 2433 1721 2506 ad
1745 2437 2182 2532 posteritatem
2208 2434 2503 2506 deducat.

469 2533 736 2633 Qippe
756 2559 1119 2634 promptuS,
1139 2543 1208 2608 &
1232 2535 1397 2635 pene
1417 2535 1814 2608 turbulentus
1833 2536 2213 2618 animus‚ubi
2229 2537 2302 2606 in
2313 2534 2495 2610 ocio,

467 2634 644 2732 quod
663 2632 1076 2709 scribentibus
1100 2638 1281 2708 datur
1298 2692 1318 2718 ,
1355 2631 1644 2734 seipsum
1664 2630 2070 2735 recognoscit
2091 2694 2115 2722 ,
2150 2632 2508 2734 ipsarerum

515 2759 606 2804 uae
625 2756 959 2808 occurrunt
978 2735 1394 2821 multitudine
1412 2757 1708 2807 oneratus
1725 2782 1750 2818 ‚
1789 2743 1858 2809 δι
1881 2731 2178 2806 confusus
2194 2791 2219 2819 ,
2259 2734 2506 2807 divitiis

465 2760 585 2898 sinis
604 2832 950 2926 premitur:
1005 2857 1125 2904 nec
1157 2830 1435 2906 scribere
1472 2859 1614 2934 quae
1649 2835 1900 2910 invenit
1915 2834 2128 2908 omnia
2149 2879 2176 2917 ‚
2212 2858 2340 2906 nec
2355 2855 2501 2932 que

466 2931 717 3028 potiora
737 2924 875 3001 suut
898 2931 1138 3030 eligere
1159 2931 1395 3028 potest.

386 3026 402 3053 ²
567 3029 895 3130 Denique·
915 3054 1051 3102 tarn
1089 3028 1341 3103 diversa
1378 3031 1476 3104 est
1511 3034 1548 3103 ὃ,
1587 3033 1907 3134 loquendo
1937 3027 2237 3102 scribendi
2273 3026 2448 3098 ratio
2466 3081 2490 3110 ,

469 3151 732 3230 tamque
753 3131 860 3204 alii
888 3130 1065 3205 nervi
1084 3187 1104 3215 ,
1142 3152 1211 3202 ut
1231 3179 1255 3217 ,
1278 3131 1388 3230 qui
1410 3130 1667 3203 robusta
1684 3131 1959 3205 facundia
1979 3127 2324 3202 assueverat
2339 3152 2509 3224 qua-

367 3246 371 3248 ’
471 3255 749 3329 cumque
766 3229 993 3304 liberet
1013 3231 1340 3306 decurrere
1359 3278 1386 3315 ,
1417 3232 1548 3323 jam
1587 3234 1654 3301 in
1688 3232 1825 3329 ipsa
1837 3228 2174 3328 scriptione
2190 3226 2510 3302 evanidos

469 3333 770 3402 moliatur
787 3380 809 3416 ,
836 3339 905 3404 &
924 3332 1124 3404 veluti
1139 3333 1204 3402 in
1223 3326 1488 3403 somniis
1506 3377 1528 3411 ‚
1556 3331 1748 3401 istus.
1805 3334 1992 3404 Caeci
2009 3352 2252 3409 tamen,
2282 3329 2511 3425 suaque

472 3435 539 3499 &
561 3430 831 3499 aliorum
851 3431 1211 3502 adulatione
1231 3431 1556 3525 corrupti,
1591 3452 2061 3528 nonnunquam
2081 3430 2358 3529 gloriam
2376 3429 2512 3499 elo-

472 3528 735 3620 quentia
773 3529 1099 3626 quaefitam
1137 3524 1452 3601 scribendi
1492 3526 1843 3625 cupiditate
1877 3527 2238 3601 destruunt.
2299 3528 2509 3600 Multo

475 3626 684 3721 magis
706 3626 746 3700 ὲ,
770 3652 835 3698 re
853 3625 955 3699 sua
971 3624 1191 3699 fafiuri
1210 3673 1232 3707 ‚
1263 3627 1306 3699 fi
1343 3629 1608 3726 longam
1628 3625 1806 3723 spem
1826 3625 2077 3700 suarum
2097 3626 2515 3726 scriptionum

471 3717 681 3794 facere
706 3723 881 3798 Orbi
901 3725 1141 3823 poffint
1158 3782 1181 3817 ,
1216 3750 1540 3827 nunquam
1577 3746 1789 3800 autem
1818 3725 2017 3800 editis
2042 3726 2226 3798 libris
2244 3729 2314 3808 in
2333 3721 2512 3798 farne

471 3824 822 3926 periculum
859 3827 1107 3900 venire.
1213 3914 1221 3920 ·
2157 3847 2162 3850 ·
2384 3826 2506 3902 His
