2738 4475
891 249 1584 323 Ransv.
2103 241 2246 333 641

377 369 585 429 Ρεὶἶονβ
605 406 622 433 ,
646 385 742 424 non
773 368 878 426 ullo
911 370 1141 444 requiem
1158 367 1446 443 ſsampeura
1473 364 1733 425 tumultu.

366 456 486 507 Non
515 447 642 506 mihi
661 442 719 519 fi
744 445 920 518 lingua
950 461 1156 502 centum
1167 444 1279 521 fine
1297 486 1313 510 ,
1353 464 1551 522 oraque
1578 451 1808 505 centana

363 534 557 583 Ferrea
585 542 696 580 vox
714 560 731 586 ,
771 542 935 578 omnes
956 521 1238 600 furiarum
1266 525 1431 580 dicere
1461 520 1657 596 causas»

364 607 557 661 Omnia
582 614 854 677 poenarusn
882 601 1232 677 comprendere
1254 603 1457 658 nomina
1483 601 1669 675 poffim.

291 682 365 738 At
399 682 553 738 enim
584 678 907 736 mortalibus
930 680 1000 734 de
1034 677 1350 754 possessione
1368 676 1860 753 rationisclejeffls.
1900 677 2235 751 &tanquam

203 757 539 833 bellocaptis
552 793 570 818 ,
603 756 840 814 liberum
856 756 1258 833 suppliciorum
1273 757 1562 815 arbitrium
1581 753 1980 832 mastigophori
1997 757 2240 828 denega-

202 836 342 895 bant
356 869 381 902 ,‹
393 836 492 915 qui
507 836 708 892 amoris
728 835 1116 912 aegritudinem
1134 852 1267 892 voce
1282 875 1300 900 ,
1316 838 1373 894 δι
1389 835 1718 899 verberibus,
1736 838 1791 892 δι
1807 831 2049 890 obscuris
2064 847 2244 888 carce-

201 916 357 973 ribus
370 912 700 978 miserantes,
720 913 1048 991 frangebant
1062 913 1313 972 nobilem
1329 916 1628 973 amentiam
1636 917 1822 991 ‚quam
1840 910 2044 969 fecerat
2055 910 2242 965 otium

202 992 464 1069 magister
476 991 686 1050 sceleris
700 1030 718 1055 ‚
738 998 793 1051 δι
812 991 1091 1049 malorum
1107 1011 1203 1050 om
1211 993 1371 1050 nium
1388 992 1704 1071 ingeniosus
1718 989 1937 1048 artifex.

287 1072 435 1128 luter
446 1089 537 1128 eos
552 1071 650 1148 qui
664 1069 926 1128 curabant
946 1089 1014 1127 ne
1027 1069 1353 1130 insanientes
1369 1070 1451 1128 vel
1470 1070 1751 1129 insomnio
1771 1067 1853 1127 vel
1884 1068 2084 1144 injuria
2114 1080 2242 1126 ante

207 1148 358 1206 diem
378 1149 541 1206 suum
559 1148 894 1224 praecipitata
912 1164 1092 1208 morte
1107 1149 1504 1207 decumberent
1527 1188 1545 1216 ‚
1573 1147 1753 1207 nescio
1769 1148 1888 1224 quis
1907 1146 2245 1224 benignioris

200 1226 393 1285 ‚vultus
409 1225 722 1302 petiitame
737 1245 806 1283 an
838 1225 1079 1304 aliquem
1113 1246 1307 1286 eorum
1329 1268 1348 1294 ,
1389 1247 1532 1305 quos
1560 1228 1750 1285 eadem
1785 1226 1990 1284 insania
2021 1223 2243 1284 diversis

204 1305 458 1363 motibus
470 1304 930 1382 agebat.mercari
947 1305 1281 1364 destinassem
1303 1345 1320 1370 ‚
1357 1308 1458 1383 qui
1475 1301 1733 1364 laudabili
1752 1304 1971 1370 furore,
2003 1306 2057 1362 ὃ(
2085 1317 2245 1381 grato

204 1385 411 1442 mentis
438 1382 689 1443 excessu.
743 1385 1021 1441 moestitiae
1053 1383 1386 1442 hominibus
1411 1384 1629 1461 semper
1657 1382 1956 1442 insidiantis
1986 1381 2245 1459 rubigine

200 1462 460 1519 animum
495 1462 817 1537 detergeret.
877 1463 991 1518 Scis
1009 1499 1026 1526 ,
1048 1463 1283 1539 inquam
1303 1460 2127 1541 ,unumquemqueconcivibus
2143 1458 2250 1518 suis

205 1538 487 1601 deletstari,
502 1537 609 1595 five
626 1539 838 1596 nativus
853 1537 1034 1595 sermo
1050 1540 1312 1596 conciliet
1328 1540 1581 1598 homines
1597 1543 1860 1606 invicem,
1876 1539 1983 1596 five
2000 1536 2249 1613 ejusdem

209 1618 349 1675 a'e'ris
380 1616 598 1674 haustus
625 1614 889 1673 inducant
918 1617 1206 1692 paritatem
1226 1635 1471 1676 morum.
1528 1621 1657 1677 Sero
1685 1619 1923 1695 placebit
1948 1616 2040 1676 ille
2070 1632 2245 1694 quem

212 1712 331 1752 non
360 1691 715 1752 intellexeris.
772 1696 982 1751 Horror
1010 1695 1398 1771 transpyrenaei
1433 1695 1701 1755 sermonis
1726 1695 2250 1755 Eleuthetianorum

213 1771 405 1830 faciles
434 1782 648 1830 mentes
675 1770 891 1836 turbat,
920 1791 1051 1831 cum
1086 1775 1171 1832 isti
1192 1773 1603 1851 fimplicitatem
1624 1775 1921 1837 &civilem
1941 1773 2245 1832 mollitiem

212 1849 497 1927 loquendo
511 1849 889 1924 profiteantur.
906 1850 987 1909 illi
1010 1890 1026 1915 ,
1087 1851 1195 1910 uafi
1211 1855 1270 1910 in
1285 1854 1589 1930 imperandi
1606 1853 1807 1912 sortem
1828 1853 2001 1931 geniti
2025 1849 2250 1916 ,barba-’-

208 1915 287 1988 ris
307 1927 566 1988 vocibus.
609 1931 664 1987 δι
696 1927 937 1986 absurdis
960 1931 1029 1991 in
1045 1869 1211 1988 suam
1241 1945 1334 1989 aut
1360 1935 1548 2008 patriae
1578 1932 1798 1990 laudem
1813 1930 2062 1989 laudibus
2075 1925 2249 1991 effufi·

207 2023 348 2064 cum
368 2006 555 2063 multo
573 2005 793 2066 fastidio
810 2006 1136 2067 confodiant
1150 2028 1304 2067 aures
1319 2011 1690 2069 audientium.
1747 2012 2010 2068 Praeterea
2028 2007 2124 2066 ubi
2145 2022 2250 2066 no-

203 2085 294 2142 bis
313 2084 626 2144 humanitas
641 2086 821 2144 nostra
834 2083 1097 2145 satisfecit
1111 2126 1129 2151 .
1162 2081 1466 2164 quaerimus
1497 2090 1558 2146 in
1586 2088 1792 2146 vicinia
1811 2088 1986 2144 nostra
2001 2104 2169 2163 quem
2187 2085 2249 2143 in

204 2175 420 2240 partem
440 2162 763 2221 divitiarum
784 2165 1092 2221 nostrarum
1113 2182 1376 2223 vocemus
1397 2206 1415 2232 ,
1438 2184 1610 2245 quem
1630 2165 1741 2224 fine
1757 2165 1891 2223 fuco
1905 2164 2171 2221 dilessum
2188 2164 2249 2220 in

192 2241 654 2300 'distributionem
670 2242 1022 2301 beatitudinis
1038 2245 1233 2301 nostrae
1250 2263 1601 2323 arrogemus:
1646 2262 1763 2303 non
1777 2243 1955 2321 specie
1968 2240 2251 2319 rigidioris

205 2318 609 2396 patrisfamilias
654 2320 961 2398 auspicium
1008 2321 1323 2399 adoptionis
1365 2343 1466 2400 per
1513 2321 1831 2381 servitutem
1867 2320 2111 2393 adoptati
2154 2320 2252 2376 in-

206 2399 462 2457 choantis
484 2423 503 2467 3
529 2395 618 2456 scd
633 2399 1140 2475 amicitiaejucunda
1170 2399 1542 2459 familiaritate
1568 2443 1586 2467 ‚
1615 2407 1671 2462 δε
1699 2398 2099 2458 consuetudine
2125 2396 2250 2473 pul-

207 2476 490 2535 cherrima
508 2514 527 2539 ,
552 2494 664 2553 qua
679 2474 827 2533 senes
841 2477 977 2534 laetis
993 2478 1238 2554 auguriis
1252 2479 1448 2553 injura
1465 2478 1928 2554 suajuventutern
1948 2477 2252 2534 deducunt.

211 2554 395 2614 Placet
410 2555 616 2629 itaque,
630 2571 726 2628 per
741 2552 1196 2613 Eleutherianum
1217 2591 1235 2619 ‚
1272 2554 1314 2610 fi
1342 2574 1539 2613 eorum
1571 2555 1813 2633 aliquem
1839 2555 1990 2612 locus
2022 2554 2117 2611 hic
2150 2553 2248 2610 ha·

208 2631 364 2695 beat.
378 2631 720 2707 voluptatem
734 2629 950 2688 ridendi
966 2633 1253 2708 emptione
1266 2649 1454 2707 parare
1465 2673 1483 2698 ,
1519 2636 1573 2692 ὃ(
1590 2634 1985 2708 innoxiisjocis
2000 2644 2257 2690 excutere

164 2731 173 2741 ·
215 2709 499 2767 tristitiam
529 2727 703 2785 quam
732 2707 864 2765 fecit
899 2707 1263 2786 longiorpere
1305 2711 1523 2769 rinatio.
1581 2711 1809 2771 Sustulit
1839 2712 1929 2769 ille
1955 2709 2254 2767 onerosum

214 2783 685 2862 supercilium,·&
702 2824 720 2852 ‚
753 2787 844 2844 Ne
864 2824 883 2850 ‚
912 2787 1117 2863 inquit,
1149 2803 1265 2845 tam
1319 2789 1488 2847 arbari
1506 2789 1702 2855 fimus,
1743 2804 1808 2848 ut
1823 2810 1922 2849 nos
1939 2789 2257 2847 nostrorum

214 2863 459 2924 amentia
492 2863 743 2923 delectet.
806 2865 949 2935 Quis
964 2864 1101 2924 ferat
1117 2864 1224 2923 hoc
1238 2869 1423 2942 patriae
1439 2867 1543 2927 suae
1557 2869 1861 2928 ludibrium
1884 2910 1902 2935 ,
1932 2882 1998 2926 ut
2011 2886 2097 2924 eas
2112 2866 2252 2925 deli·

217 2946 328 3003 cias
344 2940 604 3021 pretiosas
618 2943 999 3003 existimemus
1010 2962 1135 3022 quae
1146 2962 1243 3020 per
1255 2947 1571 3006 concivium
1587 2947 1922 3007 calamitates
1934 2945 2254 3009 distributae,

210 3039 404 3102 graves
418 3023 636 3079 animos
649 3021 869 3098 lugubri
887 3024 943 3080 &
957 3024 1374 3093 moestointuitu
1390 3024 1702 3085 subducunt
1720 3028 1740 3081 ?
1782 3021 2075 3083 Viscerales
2092 3022 2256 3079 mise·

213 3103 309 3159 riae
327 3101 524 3158 melius
544 3119 647 3159 nos
666 3113 897 3158 movent
915 3139 931 3164 ,
958 3119 1124 3178 quam
1157 3116 1223 3159 ut
1251 3104 1578 3162 tristissimos
1607 3107 1883 3162 rideamus
1896 3101 2041 3159 casus
2055 3098 2259 3177 quibus

217 3178 439 3238 infoelix
457 3180 694 3237 aliorum
715 3179 961 3254 voluptas
977 3179 1269 3238 blanditur.
1309 3183 1495 3239 Liceat
1509 3182 1907 3241 Eleutherianis
1921 3182 1979 3236 in
1997 3175 2259 3237 omnibus

130 3256 135 3265 '
219 3255 476 3313 delirare:
511 3258 649 3315 dum
686 3256 1005 3316 Melandriis
1023 3257 1253 3316 sufficiat
1274 3278 1388 3316 non
1403 3259 1521 3316 aliis
1531 3279 1702 3337 quam
1723 3259 1946 3316 Amoris
1962 3253 2180 3333 spiculis
2190 3255 2260 3313 de

220 3345 411 3392 mente
425 3333 518 3392 sua
543 3337 737 3411 perire.
783 3336 1062 3395 Omnibus
1080 3336 1340 3414 gentibus
1358 3337 1595 3395 coelestia
1609 3337 1779 3412 sidera
1793 3337 1958 3395 varias
1973 3335 2150 3412 plagas
2167 3336 2252 3391 in-

225 3411 477 3471 tulerunt
497 3451 513 3476 ,
554 3413 909 3489 multumque
937 3416 1155 3473 interest
1183 3413 1250 3473 ad
1278 3416 1412 3472 vitia
1427 3433 1542 3491 quo
1557 3415 1702 3472 coelo
1722 3414 1951 3490 soloque
1965 3412 2261 3472 nascamur.

226 3493 380 3551 Cum
398 3489 639 3553 coelestes
652 3488 818 3548 causae
833 3531 849 3555 ,
881 3508 1073 3567 praeter
1089 3511 1317 3550 morum
1334 3491 1651 3550 discrimina
1671 3533 1686 3558 ‚
1726 3495 2053 3551 morborum
2083 3493 2258 3551 etiam

227 3569 407 3627 animi
436 3568 636 3642 pariter
667 3571 991 3644 &corporis
1017 3571 1184 3629 varias
1211 3569 1693 3647 speciesinferant3
1722 3587 1950 3650 utraque
1964 3574 2176 3631 Graecia
2191 3571 2262 3630 de

231 3646 384 3704 coelo
399 3644 499 3703 suo
516 3643 887 3703 masculorum
907 3666 1154 3707 amorem
1173 3648 1356 3707 trahit.
1401 3651 1707 3708 Melandria
1723 3649 1972 3709 turbatur
1990 3650 2261 3727 zelotypis

234 3724 480 3802 ignibus,
499 3729 553 3785 δι
571 3739 657 3783 tot
674 3725 1081 3801 montibusssot
1090 3729 1303 3786 aestibus
1317 3730 1523 3786 Oceani
1540 3768 1557 3794 ,
1589 3743 1675 3788 tot
1693 3728 1972 3806 Tyrrheni
1994 3733 2155 3788 maris
2171 3730 2269 3788 lit·

234 3802 454 3863 toribus
489 3803 557 3863 ab
583 3801 829 3864 hostibus
857 3817 1008 3869 tuta,
1047 3808 1111 3867 in
1143 3807 1305 3868 unius
1342 3806 1635 3882 Cupidinis
1664 3808 1886 3871 vulnera
1914 3808 2267 3871 adinsaniam

1353 3887 1391 3941 S
1405 3905 1434 3946 s
2098 3899 2282 3966 patet.⁴
