2738 4475
494 282 627 352 322
1013 257 2068 333 Eumenem-rarum

409 439 420 450 ,
485 377 806 479 rupiffent.
865 383 1092 453 Nemo
1130 384 1324 481 igitur
1360 383 1525 451 intra
1543 377 1929 478 ipsasliteras
1952 381 2113 453 aliud
2135 369 2256 451 suis
2274 379 2534 454 labori·-

488 481 604 551 bus
675 481 984 560 romittat,
1012 507 1203 579 quam
1225 479 1577 552 castiss'imae
1603 479 1998 552 dulcedinem
2020 476 2403 577 voluptatis,
2447 489 2527 553 δε

488 581 568 651 ad
639 602 923 649 nmmum
957 581 1255 651 inutilem
1292 578 1626 677 egentibus
1654 576 1902 650 famam.
1953 584 2071 651 lllc
2091 572 2527 653 nobiliffimus

485 702 667 748 amor
687 667 1081 775 impetusque
1105 677 1367 751 sciendi.
1390 680 1423 748 ὲ
1449 680 1739 776 pecunia:
1763 683 1821 747 δι
1846 678 2107 750 ambitus
2129 680 2413 749 utilitate
2429 676 2529 749 se-

487 797 727 855 motus,
748 778 814 845 in
836 775 1060 847 securis
1082 787 1148 850 &
1172 781 1304 869 jam
1325 772 1615 849 felicibus
1642 779 1943 878 ingeniiS‚
1963 778 2129 850 inter
2151 780 2347 847 avitas
2369 801 2534 875 opes

486 874 682 973 digna
707 884 773 949 &
796 879 1092 975 precipua
1114 875 1446 972 majestate
1467 878 1529 946 se
1550 878 1983 950 commendar.
2045 885 2141 950 At
2157 900 2313 949 vero
2330 875 2371 946 st
2390 879 2534 976 quis

485 976 716 1069 impari
754 1000 974 1046 amore
1008 976 1349 1074 deceptus,
1396 976 1477 1046 de
1513 975 1795 1070 egestate
1817 971 1916 1045 sua
1935 975 2260 1051 altisfimas
2278 1000 2537 1074 quoque
2647 1027 2664 1042 .

486 1071 704 1145 Musas
755 1078 1179 1173 contemplari
1236 1084 1300 1148 δε
1336 1058 1572 1145 eadem⁸
1599 1074 1957 1146 sinceritate
1992 1079 2209 1146 colere
2252 1075 2536 1161 audebitz

486 1193 1074 1272 quantumcumque
1109 1172 1456 1275 magnifice
1488 1176 1737 1273 cogitet
1756 1173 2121 1275 saepissime,
2144 1176 2223 1248 de
2244 1181 2532 1249 Hecates

485 1295 677 1346 coena
699 1270 998 1371 gustabit.

586 1375 770 1444 Nam
806 1394 872 1441 ut
894 1373 1171 1469 primum
1195 1372 1275 1446 de
1295 1373 1650 1447 Rhetorica
1669 1370 1982 1461 dicamus,
2008 1373 2356 1448 &humanis
2374 1372 2531 1444 lite-

484 1471 570 1545 ris
590 1521 613 1557 ‚
653 1468 1081 1573 sequenteque
1115 1471 1226 1542 has
1267 1471 1678 1571 Philosophia
1702 1521 1723 1555 ,
1774 1476 1949 1572 quod
1970 1478 2288 1575 praemium
2304 1496 2531 1573 quam-

482 1596 566 1643 ve
604 1569 779 1670 spem
804 1573 928 1644 illae
950 1573 1285 1672 Nymphae
1304 1572 1425 1645 suis
1444 1573 1820 1645 amatoribus
1841 1575 2276 1650 invenerunt?
2305 1592 2530 1670 perpe-

488 1692 672 1743 tuum
690 1671 1047 1745 scholarum
1073 1677 1402 1774 pulverem
1428 1732 1449 1758 ‚
1471 1684 1537 1747 &
1568 1671 1754 1771 (proh
1775 1668 2048 1754 facinus)
2075 1677 2141 1745 in
2164 1698 2296 1746 tam
2315 1671 2541 1743 libera-

486 1771 653 1843 libus
673 1771 1023 1871 disciplinis
1043 1798 1125 1845 ne
1143 1774 1401 1870 quidem
1420 1773 1818 1842 mercenariae
1839 1770 2156 1840 doetrinae
2174 1773 2548 1867 opulentam

490 1873 930 1960 locationem3
971 1876 1035 1942 in
1078 1873 1339 1968 privatis
1360 1894 1614 1967 quoque
1636 1866 1885 1939 familiis
1906 1868 2362 1936 educationem
2380 1893 2549 1962 pue-

494 1998 712 2044 rorum
731 1973 861 2061 jam
882 1974 1041 2040 olim
1078 1969 1314 2040 servilis
1354 1964 1738 2034 neceffitatis
1772 1985 2046 2044 munus,
2076 1972 2144 2035 &
2182 1962 2372 2030 hodie
2394 1985 2538 2031 non

490 2072 678 2140 unius
699 2068 1030 2152 Pistocleti
1061 2064 1298 2134 immiti
1336 2059 1621 2154 superbia
1663 2053 2056 2153 despectam.
2117 2058 2273 2129 Iuris
2308 2077 2540 2130 autem

485 2162 797 2234 immensa
819 2160 1152 2258 cognitio,
1187 2181 1297 2253 per
1316 2176 1417 2225 tot
1442 2155 1647 2226 nodos
1666 2154 1976 2253 impedita
1999 2212 2023 2244 ,
2066 2165 2133 2232 &
2161 2159 2553 2258 plerumque

486 2259 872 2332 solventium
922 2257 1105 2355 nugis
1145 2303 1168 2339 ,
1219 2254 1673 2351 ingratiffimos
1715 2250 1973 2326 sudores
2017 2261 2171 2330 raris
2203 2255 2549 2355 stipendiis

483 2356 736 2429 videtur
766 2353 850 2424 ad
869 2350 1066 2427 solam
1092 2354 1517 2429 aeternitatem
1534 2353 1763 2426 laboris
1781 2353 2082 2430 educare.
2140 2361 2323 2432 Nam
2341 2359 2549 2430 inter-

488 2455 657 2529 clusa
697 2453 1033 2527 tribunalia
1053 2478 1185 2526 non
1202 2452 1317 2524 uifi
1338 2457 1464 2544 jam
1487 2456 1790 2552 opulenta
1807 2449 2080 2528 scientia
2098 2453 2454 2556 pulsantur:
2494 2453 2545 2529 fi

493 2560 709 2657 placet
742 2553 822 2625 de
858 2577 1113 2625 reorum
1135 2551 1400 2647 miseriis
1424 2555 1635 2653 augeri
1653 2601 1677 2633 ,
1719 2552 1763 2625 st
1782 2554 1848 2623 in
1865 2575 2290 2650 patronorum
2306 2579 2542 2627 nomen

496 2659 593 2729 ire
609 2705 634 2743 ,
653 2656 783 2749 jam
801 2652 1091 2727 existima
1108 2653 1189 2725 de
1212 2677 1494 2726 mearum
1511 2655 1834 2725 literarum
1855 2653 2543 2757 pulchritudine,quam

395 2766 408 2811 ἓ
496 2755 605 2826 hic
643 2756 924 2826 sterilem
965 2760 1034 2826 δε
1076 2751 1155 2824 ad
1188 2777 1347 2849 opes
1381 2749 1774 2825 currentibus
1811 2752 2121 2826 inutilem·
2149 2757 2549 2827 damnamus.

496 2858 771 2951 Nempe
787 2855 962 2924 enim
986 2874 1085 2922 tot
1106 2851 1841 2949 municipiorumjura‚in
1860 2848 1990 2924 sola
2011 2854 2300 2924 codicum
2323 2850 2549 2923 nausea

499 2962 567 3025 δι
591 2951 929 3024 solitudine
949 2950 1309 3048 vestigabis.
1368 2953 1549 3025 Vivo
1572 2951 1840 3049 strepitu
1856 2977 2011 3048 opus
2033 2951 2148 3035 est,
2174 2957 2240 3021 &
2259 2946 2545 3021 callidis-

498 3054 674 3128 fimis
708 3053 1162 3149 experimentis
1183 3096 1204 3130 ‚
1245 3048 1473 3151 quibus
1505 3050 1848 3122 incendere
1877 3052 2020 3122 lites
2043 3070 2145 3119 aut
2164 3048 2545 3147 opprimere

501 3153 724 3252 poffis.
783 3163 874 3223 At
891 3174 1007 3221 nec
1033 3150 1262 3222 divinis
1286 3148 1505 3221 studiis
1525 3150 1906 3222 clementior
1922 3169 2168 3246 portus3
2188 3147 2426 3249 ubique
2443 3147 2551 3220 di-

499 3256 690 3324 vitias
727 3251 812 3323 sui
829 3253 979 3344 juris
1004 3247 1275 3322 faciente
1298 3245 1571 3322 fortuna.
1626 3249 1803 3321 Nam
1819 3246 2089 3320 infinitae
2108 3273 2268 3346 opes
2289 3273 2430 3349 quae
2449 3244 2548 3319 sa-

498 3374 751 3421 crorum
785 3348 1148 3421 custodibus
1168 3371 1477 3422 venerunt
1496 3353 1693 3449 longa
1712 3354 1779 3420 &
1800 3347 2047 3448 trepida
2064 3351 2381 3442 majorum
2402 3348 2542 3445 pie-

497 3468 657 3532 tate,
679 3475 843 3545 npnc
866 3451 1285 3530 mercedi,aut
1308 3446 1679 3522 inconsultae
1701 3449 2000 3520 amicitia:
2024 3450 2543 3549 Magnarum,aut

497 3542 762 3618 solicirae
783 3549 1131 3620 adulationi
1152 3549 1480 3621 cesserunt.
1534 3555 1713 3620 Inter
1731 3549 1851 3618 hos
1874 3546 2169 3645 scopulos
2190 3570 2321 3621 tam
2341 3544 2542 3617 turbi-

497 3642 586 3713 do
623 3641 788 3715 freto
830 3653 894 3714 &
935 3646 1266 3719 obstinatis
1304 3645 2009 3744 fluffibussepellentes
2029 3648 2420 3719 literatorum
2439 3669 2534 3715 re·

499 3745 694 3843 migia
713 3744 753 3818 ’ἐι
773 3745 1131 3823 divitiarum
1149 3745 1325 3820 cursu
1347 3745 1609 3846 quidam
1634 3750 1810 3823 velut
1830 3745 2263 3824 everberatam
2284 3763 2533 3916 tampe-

2356 3862 2537 3915 atem
