2738 4475
822 189 1001 275 Da
1097 192 1693 274 sir-rnna.

250 330 386 415 Bas
421 359 588 436 qnae
605 332 937 409 omnium
960 332 1280 434 gentium
1300 336 1561 411 donata
1576 331 1841 432 linguis
1861 329 2153 406 multam
2175 329 2273 405 fez

250 460 358 512 ret
390 458 674 515 aetatem
698 484 716 516 2
754 434 832 510 &c
864 434 1154 532 plenum
1192 436 1443 532 gloriae
1479 434 1841 508 auetorem
1883 434 2277 506 transvehet

252 536 340 610 ad
360 536 702 632 posteros3
746 556 958 630 quarn
994 536 1066 608 δι’,
1104 532 1150 604 ὁ
1184 536 1467 632 Reges,
1523 536 1595 606 &
1623 530 1985 630 Principes
2011 530 2281 606 affiduis

252 632 608 706 versarent
642 630 960 704 manibus
978 680 1002 714 ‚
1052 656 1269 728 quam
1319 634 1625 730 denique
1675 638 1797 704 vix
1843 631 2277 728 respexerat,

260 756 432 804 cum
450 730 666 804 subito
688 732 966 828 expirat
986 730 1377 828 philomela
1397 732 1515 802 sub
1535 729 1702 802 retu.
1745 732 1969 828 Qd
1995 730 2079 800 ad
2107 730 2285 800 Alt-

262 830 396 904 tho
442 832 656 904 hilum
694 831 952 902 attinet
994 830 1150 900 haec
1182 828 1363 902 habe
1403 828 2285 902 ziDrexeliomAurifodi-

266 856 496 1012 nasia,
516 928 638 1002 ubi
659 930 960 1000 laudatis
986 928 1084 998 Ar
1134 926 1337 1002 enide
1357 978 1373 1006 ,
1419 932 1493 1002 ὃ(
1519 930 1727 998 leone
1747 928 2161 1006 animorum,
2187 926 2283 996 sic

256 1028 384 1110 ait,
422 1026 472 1100 d
514 1026 826 1130 Barclaji
846 1040 1050 1100 morte
1108 1028 1349 1100 omines
1345 1022 1713 1126 fimplices,
1749 1020 2107 1128 &prorsus
2125 1022 2287 1096 alba

242 1132 484 1200 mentis
502 1124 808 1228 quaedam
828 1128 970 1226 ejus
986 1130 1244 1198 nomme
1263 1120 1367 1198 obt
1375 1122 1693 1224 rastrum
1729 1124 1913 1198 edita
1931 1174 1953 1206 ,
1989 1150 2069 1196 ac
2081 1120 2151 1220 fi
2171 1122 2283 1196 lit-

238 1240 554 1298 temtum
574 1220 686 1298 hoc
706 1248 926 1300 avum
942 1224 990 1296 d
1004 1218 1279 1326 plumbo
1295 1220 1572 1324 mstiret
1589 1248 1839 1296 aarum
1857 1222 2239 1324 dtstinguere
2264 1248 2289 1294 .-

232 1322 582 1426 aſsignant
618 1322 830 1426 aliqui
860 1326 1195 1396 madorem
1226 1316 1425 1422 hujus
1445 1318 1641 1398 libella·
1657 1316 2119 1424 Thecsphilum3
2155 1314 2291 1420 fid

226 1422 506 1498 editum
532 1426 736 1522 ajunt
756 1424 806 1492 a
826 1420 1212 1516 Divionensi
1234 1416 1753 1524 Jurtk-confiaelto
1771 1424 2029 1500 nomine
2067 1424 2294 1496 Mori-

230 1520 356 1594 sot
381 1570 406 1600 ,
456 1520 534 1592 de
554 1546 674 1620 quo
688 1518 1046 1616 vulgatum
1062 1523 1156 1592 eft
1178 1512 1287 1590 hoc
1305 1514 1725 1620 monostichon
1747 1572 1767 1602 ‚

356 1616 618 1690 Vivere
646 1618 760 1718 qui
796 1618 1014 1686 renuit
1036 1608 1335 1712 sapiens,
1373 1620 1523 1692 vult
1551 1620 1653 1694 ille
1691 1620 1873 1694 mori
1907 1620 2031 1692 sot.

234 1716 380 1790 Cu
394 1740 464 1784 m
490 1714 716 1810 igitur
732 1710 914 1786 citra
934 1736 1218 1786 omnem
1240 1714 1481 1796 aleam,
1497 1722 1571 1790 δι
1591 1718 2131 1790 controverfiam
2149 1742 2297 1792 non

236 1812 332 1886 fit
356 1812 668 1886 Barclaii
684 1810 878 1884 liber
890 1812 1018 1886 iste
1038 1860 1062 1894 ,
1096 1810 1411 1886 tenebris
1433 1838 1647 1910 quam
1661 1812 1821 1884 luce
1845 1816 2121 1912 dignior
2143 1864 2163 1896 ‚
2183 1816 2303 1886 ab·

240 1912 334 1986 fit
372 1934 456 1986 ut
492 1936 632 2010 ego
666 1910 886 1984 velim
926 1934 1254 2010 quaerere
1289 1912 1707 1986 drachmam
1729 1912 2301 1992 intersordesffiut

244 2036 506 2086 eruere
542 2034 634 2082 ex
660 2010 964 2084 stercore
988 2010 1220 2082 multo
1240 2010 1523 2108 aliquot
1543 2010 1760 2082 micas
1783 2014 1931 2084 auri
1949 2060 1971 2094 ‚
2011 2038 2101 2086 ne
2117 2010 2301 2088 forte

256 2130 508 2185 totum
534 2108 1050 2207 sterquilinium
1068 2132 1200 2207 pro
1220 2135 1395 2183 auro
1415 2110 1959 2193 habeatur,abfit
1977 2114 2297 2213 inquam,

250 2231 342 2283 ut
358 2235 614 2305 aquam
634 2209 968 2281 fluentem
1006 2209 1080 2283 in
1120 2207 1431 2283 cloacam
1457 2211 1531 2282 in
1559 2211 1853 2283 hortum
1890 2237 2125 2285 meum
2169 2239 2289 2287 ve-

248 2308 382 2383 lim
402 2309 772 2383 divertere.
794 2307 1116 2383 Habebis
1134 2328 1369 2381 autem
1389 2309 1693 2383 alterum
1713 2311 2285 2411 Alethophilum,

258 2431 420 2479 mea
444 2409 768 2481 Minerva
786 2407 1307 2481 elucubratum.

368 2505 528 2575 Cur
562 2505 966 2597 inscripserit
1000 2507 1565 2603 Euphormionis
1609 2507 1827 2581 titulo
1847 2511 2123 2607 Satyras
2143 2511 2295 2585 suas

272 2599 544 2673 iterum
578 2601 864 2697 quaeris?
932 2603 1259 2677 Phormio
1293 2607 1585 2705 quidem
1625 2607 1699 2679 in
1737 2609 2109 2681 comoediis
2140 2611 2291 2683 Te·-

264 2701 484 2773 rentii
500 2725 636 2797 pro
660 2699 868 2771 titulo
884 2749 906 2783 ‚
940 2701 1315 2799 &persona
1335 2711 1723 2803 reperitur3
1763 2705 1907 2803 agit
1923 2728 2157 2781 autern
2183 2711 2293 2781 vi·-

262 2825 376 2871 ces
394 2797 666 2895 parasiti
694 2799 1048 2873 cu'usdam
1072 2805 1369 2899 garruli:
1395 2805 1573 2903 quid
1595 2803 1645 2877 fi.
1673 2807 2293 2903 Euphormioncm

256 2897 534 2969 bonum
576 2923 740 2991 para
796 2917 952 2971 tum
990 2897 1072 2985 (fi
1108 2901 1228 2998 qui
1261 2901 1493 2977 bonus
1531 2903 1665 2977 ess'e
1701 2907 1959 3001 potest)
2011 2909 2281 2979 dixero.

254 2999 392 3073 Sed
414 2997 502 3069 ad
524 2997 790 3071 Graeea
808 2997 1050 3069 malim
1070 3025 1449 3089 recurrere3
1473 3013 1795 3087 όᾰφομμεζυ,
1817 3005 1885 3075 1d
1909 3005 2033 3085 est,
2055 3027 2296 3089 canto.

266 3095 622 3169 modulor.
678 3095 994 3193 superius
1012 3117 1240 3173 autem
1261 3101 1721 3199 philomelam
1745 3101 1809 3173 se
1831 3101 2131 3187 dicebar,
2149 3105 2293 3179 for-

266 3213 338 3267 te
356 3195 548 3293 quod
574 3193 790 3269 instar
808 3197 1020 3293 hujus
1040 3201 1182 3271 avis
1198 3201 1511 3299 querulis
1535 3201 1717 3271 sonis
1761 3199 2133 3295 plurimum
2177 3227 2293 3279 va-

264 3313 416 3375 cet,
446 3293 624 3367 dum
660 3293 1018 3393 perversos
1064 3295 1435 3373 hominurn
1457 3323 1687 3369 mores
1725 3299 2031 3375 dolendo
2053 3325 2293 3377 notat:

258 3409 392 3463 aut
428 3395 582 3488 quia
616 3395 922 3469 modulis
962 3399 1395 3473 narrationes
1433 3395 1579 3471 suas
1615 3397 2035 3497 interpolare
2059 3403 2294 3479 soleat.

250 3493 516 3589 Atque
528 3493 672 3571 haec
694 3495 780 3573 de
798 3495 1022 3571 titulo
1042 3495 1292 3573 libelli.

1853 3795 2321 3877 CLAvlS
