2738 4475
529 168 846 245 adducitur
878 172 1011 244 cum
1044 193 1110 243 eo
1124 223 1145 252 ,
1164 166 1576 267 exponiturque
1589 165 1839 266 quantus
1841 167 2031 264 fuerit
2063 171 2192 271 ejus
2206 174 2459 263 animus,

530 271 802 365 quodque
816 270 1013 365 fuerit
1041 292 1236 342 eorum
1263 273 1596 367 prandium.
1673 274 2147 369 Euphormionem
2182 274 2462 373 supplicio

531 370 702 465 eripit
724 375 996 445 Gallionis
1008 372 1312 442 adventus.
2326 378 2455 465 '109

436 475 609 568 Cap.
637 472 872 542 XXIV
884 520 900 539 .
956 470 1141 540 callio
1144 468 1372 564 saltitat
1390 469 1694 541 Fibullium
1715 495 1736 540 .·
1773 495 1907 544 mox
1921 489 2161 566 uterque
2175 472 2463 571 descendit

546 576 610 640 in
623 591 861 639 arenam
870 568 1146 663 singulari
1164 573 1479 641 certamine
1491 570 1950 664 digladiaturus:
1986 576 2327 646 vulneratur
2360 577 2469 645 I-‘i-

533 669 735 740 bullius
753 710 775 746 ‚
798 659 838 736 d
857 691 971 763 quo
981 669 1351 762 infimulatur
1371 672 1727 764 Euphormio.
2141 720 2146 725 -
2335 700 2360 745 ι
2383 701 2404 744 ι
2420 698 2456 764 5

432 771 606 850 Cap.
624 766 855 840 XXV.
913 770 1254 862 Eupbormio
1274 767 1753 863 servorumpoend
1770 827 1793 855 ,
1832 772 2007 866 virgis
2027 772 2464 869 &frontisinu-

388 930 392 934 .
517 863 707 961 stione
737 871 1074 939 mulliatur.
1145 880 1195 935 A
1230 880 1513 938 Percante
1529 891 1663 938 mox
1683 872 1851 966 virgis
1866 874 2119 945 ceditur.
2173 891 2242 943 at
2244 872 2387 969 jure
2401 875 2467 944 in

532 964 826 1037 Percantis
848 966 1213 1060 conqueritur
1218 964 1402 1061 falsas
1421 968 1732 1040 amicitiae.
2087 984 2090 987 ’
2332 995 2358 1042 1
2376 996 2398 1039 ι
2416 972 2458 1043 8

430 1062 601 1163 Cap.
625 1066 890 1141 XXVI.
941 1063 1292 1161 Disieptatio
1344 1068 1497 1137 inter
1537 1068 1674 1138 duos
1708 1074 2016 1156 notiores,
2051 1094 2169 1167 qua
2204 1073 2467 1168 explodi·

404 1202 411 1211 ·
537 1182 658 1238 tur.
1336 1226 1339 1229 .
1521 1224 1526 1228 ,
1565 1220 1574 1228 .
2279 1218 2284 1225 ·
2330 1196 2354 1241 1
2371 1196 2407 1240 2

430 1264 608 1363 Cap.
627 1265 923 1360 XXVII.
979 1266 1274 1338 Adventus
1293 1254 1704 1364 Archoropi,&
1724 1265 2362 1365 Euphormionicfuga.1
2380 1198 2462 1339 238

432 1366 605 1462 Cap.
629 1364 971 1440 XXVIII.
1022 1368 1364 1461 Euphormio
1379 1371 1569 1463 pergit
1586 1368 1646 1435 in
1667 1371 1927 1440 Italiam.
2001 1373 2271 1440 Occurrit
2290 1378 2466 1437 Nea-

529 1464 785 1558 politano
800 1466 1053 1548 cuidam,
1075 1467 1177 1558 qui
1194 1467 1411 1537 domini
1419 1465 1512 1564 sui
1519 1466 1669 1561 juffu
1689 1480 1914 1540 Verona
1930 1469 1993 1538 in
2007 1468 2201 1539 medio
2198 1462 2333 1560 foro
2345 1466 2476 1562 pri·

528 1566 713 1633 marii
718 1564 951 1657 juvenis
967 1566 1114 1634 cade
1129 1588 1336 1635 manus
1353 1567 1664 1657 imbuerat.
1685 1568 2004 1638 Internecio
2021 1568 2235 1636 Italica
2252 1565 2329 1644 ά*
2347 1590 2486 1636 mo·-

536 1686 631 1747 res
651 1666 959 1734 Italorum.
1002 1667 1258 1736 Viatores
1273 1667 1665 1761 aggregati&
1686 1689 1886 1737 eorum
1900 1684 2210 1736 certamen.
2339 1691 2363 1734 1
2382 1689 2467 1759 30

430 1757 605 1858 Cap.
632 1764 890 1835 XXIX.
918 1766 1132 1835 Italica
1149 1763 1453 1859 cujusdam
1468 1768 1691 1857 nuptia.
1732 1766 2069 1857 Euphormio
2083 1766 2471 1854 exceptusbo-

522 1863 698 1958 spitio
715 1863 789 1932 ab
807 1867 991 1935 amico
1011 1866 1261 1935 Fibullii.
1320 1867 1494 1956 Fugit
1524 1864 1601 1935 ά
1613 1858 1732 1954 pist
1762 1884 1982 1929 errores
1999 1860 2188 1930 varios
2199 1859 2472 1956 pervenit

532 1964 957 2031 Alexandriam
967 1967 1226 2053 patriam
1246 1963 1538 2029 callionis.
2334 1984 2357 2028 ι
2377 1987 2412 2052 3
2420 1981 2458 2047 5

431 2056 604 2152 Cap.
628 2061 841 2125 XXX.
898 2057 1234 2150 Euphormio
1272 2056 1699 2126 Alexandriam
1720 2077 1852 2126 cum
1865 2056 2195 2154 pervenffl‘et
2203 2059 2474 2152 perrexit
2509 2064 2512 2067 ’

515 2157 594 2254 ⁸in
613 2160 858 2250 regiam.
913 2157 999 2224 Ab
1037 2152 1381 2252 Alcbymt‘sta
1401 2155 1699 2250 seducitur
1719 2179 1741 2224 .·
1762 2154 1873 2251 [ἑά
1902 2181 2035 2227 mox
2065 2157 2365 2229 invehitur
2404 2159 2469 2226 in

526 2259 853 2325 vanitatem
892 2257 970 2331 (9-
1009 2279 1228 2325 errores
1262 2253 1758 2354 Alchymistarutn.
1804 2264 1951 2349 138.
2010 2255 2278 2353 sedulius
2308 2254 2467 2352 quasi

529 2377 897 2426 nummorum
913 2355 1277 2424 adulterator
1310 2356 1773 2450 apprehenditur.
1801 2380 1950 2443 144.
1983 2358 2197 2448 rixam
2230 2355 2305 2431 ό*
2330 2356 2468 2451 jur-

519 2455 690 2548 gium
708 2454 879 2523 habet
894 2476 1025 2523 cum
1042 2476 1288 2545 caupone
1306 2457 1459 2548 apud
1469 2455 1650 2545 'quem
1669 2472 2029 2526 coenaverat.-
2045 2482 2064 2524 ι
2082 2483 2124 2540 4
2127 2479 2161 2542 5
2173 2506 2188 2521 .
2215 2455 2296 2522 ad
2314 2469 2469 2525 Pra-

528 2555 669 2620 roris
687 2554 896 2622 urbani
911 2553 1171 2622 tribunal
1189 2553 1498 2623 contendit.
1552 2570 1811 2621 attentus
1841 2557 1926 2620 eil
1940 2553 2019 2620 ad
2037 2550 2270 2648 causam
2296 2556 2466 2624 Prin-

516 2653 667 2747 ⁴cipis
668 2649 978 2742 fatuorum
1002 2676 1025 2720 .·
1064 2653 1139 2728 (θ’
1150 2670 1464 2747 patronum
1479 2649 1773 2747 causaefua
1792 2652 2058 2744 inquirit.
2316 2715 2322 2721 .
2336 2676 2363 2720 1
2376 2671 2461 2738 47

1166 2843 1548 2928 PAR-s
1648 2845 1778 2929 ΙΙ.

414 3035 598 3134 Cap.
618 3040 672 3107 I.
733 3039 978 3109 Exultat
998 3039 1338 3132 Euphormio
1356 3023 1512 3109 dere
1530 3038 1665 3109 bene
1680 3028 1717 3105 ἃ
1723 3037 1790 3135 se
1797 3033 1959 3133 gesta
1981 3080 2002 3115 ‚
2037 3033 2294 3107 maxime
2308 3036 2467 3130 quod

519 3129 868 3232 fugaffiluti
886 3137 1235 3233 constituerit
1251 3139 1381 3231 fite.
1435 3141 1746 3232 Delphiurn
1764 3141 1989 3233 pergit,
2016 3136 2114 3206 ubi
2132 3138 2343 3206 litteris
2358 3138 2471 3206 hu·

528 3237 882 3308 manioribus
901 3255 1075 3308 vacat
1093 3264 1113 3308 .·
1136 3237 1246 3334 sed
1265 3262 1402 3308 mox
1423 3259 1552 3309 cum
1562 3238 1880 3334 padotribis
1897 3254 2136 3330 totaque
2153 3237 2469 3307 Academia

523 3332 723 3430 jurgio
738 3338 1144 3408 committitur.
2033 3395 2038 3400 .
2338 3362 2362 3405 1
2379 3341 2458 3426 56

430 3437 603 3532 Cap.
626 3439 720 3506 11.
774 3437 1116 3530 Eupbotmio
1151 3460 1284 3506 cum
1325 3434 1627 3533 Themistio
1647 3434 2037 3528 familiariter
2071 3434 2459 3532 conversatur,

440 3612 444 3616 ⁴
525 3537 631 3628 qui
666 3547 711 3603 E
718 3537 1140 3630 aphormionem
1174 3537 1438 3609 heredem
1478 3561 1551 3606 ex
1586 3535 1695 3632 affe
1713 3531 1999 3630 constituit
2020 3565 2042 3625 3
2085 3539 2250 3628 eique
2268 3540 2460 3606 auc'tor

525 3640 618 3707 eii
635 3637 697 3705 in
721 3634 1339 3732 Sc‘olimorrhodiamse
1358 3637 1618 3731 recipiat.
1643 3650 1900 3728 Anemon
1916 3629 1947 3704 ὲ
1955 3635 2311 3733 scholaribus
2326 3651 2468 3704 nnus

2315 3722 2464 3823 'rost
