2738 4475
552 231 697 332 566
1031 228 2103 308 EuruonM.SA·1-Ymcr

552 350 826 411 Callionis
843 348 1173 410 domesticos
1186 389 1206 413 ‚
1235 356 1291 413 ὅτ.
1308 351 1634 410 asseclarum
1652 369 1949 411 numerum
1964 353 2224 413 timuiss‘et.
2268 354 2469 431 Utergo
2483 358 2539 415 δι

558 449 780 488 nomen
797 449 988 488 meum
1005 430 1184 490 morti
1201 427 1469 509 eriperem
1489 470 1507 496 ‚
1540 434 1597 490 &
1629 449 1831 510 eorpus
1846 431 2074 491 barbarae
2089 433 2388 493 multitudini
2402 470 2418 496 ,
2446 434 2535 491 de·

559 507 787 570 relistus
804 509 873 567 ab
890 508 1155 567 omnibus
1171 549 1188 574 ‚
1231 507 1263 567 ὲ
1279 508 1492 588 meipso
1508 511 1737 569 tandem
1773 513 1890 588 petii
1919 512 2186 570 auxilium
2201 553 2217 579 ,
2247 526 2296 567 ut
2322 504 2536 568 doceam

562 588 758 654 omnia
774 585 855 646 illi
872 604 1088 664 patere,
1124 588 1222 645 cui
1239 588 1421 647 aditus
1439 590 1598 647 restat
1624 591 1694 648 ad
1712 607 1935 649 mortem
1949 629 1968 653 ,
2000 593 2176 649 modo
2190 593 2243 648 in
2253 606 2461 648 extremo
2475 590 2542 647 li·

561 666 784 725 bertatis
802 665 993 724 osculo
1012 665 1150 732 velit
1168 669 1433 743 expirare.
1479 671 1611 727 Haec
1626 668 1724 727 ista
1741 688 1843 748 qua
1855 669 1914 726 ad
1930 684 1981 726 te
1995 665 2173 727 scribo
2190 689 2353 727 manus
2367 707 2381 731 ,
2406 680 2466 723 ut
2484 687 2537 726 e·

560 744 772 828 pistolae
787 744 950 803 fimul
971 748 1028 804 &
1048 747 1175 804 vitae
1194 744 1365 804 finem
1385 748 1607 812 faciam,
1625 749 1835 814 invitat,
1848 751 2097 806 &armata
2114 747 2283 814 ferro,
2295 764 2532 806 attamen-

558 841 623 882 to
640 821 931 961 deficiente
945 861 965 887 .
1001 824 1141 884 dum
1170 824 1498 905 sanguinem
1534 827 1713 910 poscit
1726 866 1748 891 ‚
1781 827 1934 888 solum
1949 824 2047 883 hoc
2062 828 2334 903 permittit
2347 838 2397 883 ut
2407 823 2536 882 inse·

555 921 697 960 ram.
819 923 849 960 a
873 923 922 961 e.-

643 977 848 1040 Adhuc
864 981 1131 1044 extremae
1148 982 1347 1043 tabulae
1361 983 1394 1042 εὶ
1410 983 1645 1062 legentis
1663 985 1855 1044 dextra
1868 982 2134 1063 pendebant
2146 1022 2167 1048 ‚
2197 1002 2326 1042 cum
2343 983 2540 1042 cubicu-

553 1060 679 1124 lum
699 1060 760 1117 in
777 1079 894 1138 quo
915 1081 1133 1120 eramus
1151 1061 1315 1121 senex
1334 1082 1505 1120 canus
1521 1065 1756 1122 intravit
1777 1088 1793 1123 ι
1832 1065 1959 1122 hunc
1971 1062 2188 1138 clypeata
2199 1062 2534 1137 publicorum

553 1138 858 1207 satellitum
880 1138 1121 1216 phalanx
1133 1179 1150 1203 ‚
1170 1161 1303 1199 cum
1320 1139 1497 1218 plebis
1518 1142 1771 1201 infirmae
1787 1143 1931 1204 turba
1944 1139 2234 1201 miscellanea
2246 1175 2265 1199 ‚
2285 1138 2537 1216 sequeba·
2624 1145 2625 1150 ’

555 1232 668 1292 tur.
710 1221 866 1275 Tum
886 1217 979 1278 ille
992 1218 1331 1295 proclamare
1344 1223 1524 1298 coepit
1543 1261 1562 1286 ,
1580 1222 1881 1300 majestatis
1893 1241 2026 1280 reum
2041 1215 2274 1295 hospitem
2292 1218 2531 1274 nostrum
2624 1237 2625 1250 ¹

555 1297 661 1355 effe
675 1338 692 1362 ,
730 1297 831 1376 qui
861 1297 1145 1356 tabernam
1162 1298 1314 1357 suam
1332 1316 1532 1358 eontra
1548 1302 1840 1362 Divomm
1858 1295 2344 1361 Marciucmmodi
2360 1295 2530 1353 edicta
2624 1299 2625 1312 ¹

555 1376 940 1456 fugitivorum
958 1376 1177 1452 asylum
1194 1377 1407 1437 fecisset
1423 1402 1437 1437 ε
1479 1378 1551 1444 se,
1584 1381 1722 1461 legis
1741 1385 1785 1440 F
1785 1383 1973 1442 aviae&
1987 1372 2381 1437 Senatusconsulti
2398 1375 2530 1446 Μοφ

554 1456 853 1522 destiniani
908 1455 1233 1514 auetoritate
1250 1496 1268 1521 ,
1299 1458 1367 1515 ad
1401 1458 1730 1519 Percantem
1768 1459 2131 1539 inquirendum
2158 1455 2364 1513 milium.
2411 1453 2529 1508 Nee

554 1536 748 1614 quaeri,
771 1555 842 1593 an
857 1533 1081 1592 domini
1097 1538 1400 1610 pecuniam
1428 1536 1612 1617 servus
1641 1541 2039 1600 intervertet-itt
2077 1537 2285 1594 constare
2304 1531 2333 1589 ὲ
2354 1527 2527 1587 volun·

560 1616 701 1673 taria
717 1613 947 1692 fugitivi
966 1631 1119 1678 nece,
1137 1614 1248 1690 maj
1257 1635 1319 1672 us
1333 1616 1632 1676 admissum
1650 1622 1885 1679 crimen.
1931 1619 2205 1677 Nimirum
2220 1655 2236 1681 ,
2251 1608 2543 1672 maleficum·

560 1694 930 1769 proditorem,
958 1710 1072 1750 uon
1086 1705 1314 1751 tantum
1331 1695 1604 1754 callionis
1622 1700 1748 1756 vitae
1763 1698 2086 1761 infidiamm,
2102 1693 2185 1751 sed
2204 1688 2544 1768 &ingloriam

557 1773 888 1846 famamque
922 1772 1272 1849 integerrimi
1306 1774 1364 1831 δι
1395 1775 1791 1852 generofiffimi
1826 1776 2063 1833 hominis
2090 1766 2543 1847 imprudentiffima

559 1852 846 1910 calumnia
864 1850 1166 1909 iuvetitum.
1224 1850 1396 1908 Illum
1418 1890 1436 1912 .
1458 1858 1512 1912 δι
1529 1853 1724 1914 scelera
1739 1853 2021 1913 fimulsua.
2042 1847 2348 1924 &supplicia
2359 1846 2544 1934 quibu?

555 1930 927 1990 destinabatur
944 1970 961 1996 ,
1003 1928 1326 1989 transtuliffe
1357 1932 1420 1989 in
1453 1931 1728 1992 fautorem
1773 1939 1823 1994 &
1867 1930 2145 1990 celatorem
2187 1921 2543 1984 noeennssimr

560 2028 750 2067 manci
796 2031 851 2068 u.
2048 2050 2055 2054 -

642 2029 798 2152 Duil]
820 2085 1029 2144 rabiosa
1047 2104 1183 2143 voce
1199 2088 1258 2145 in
1276 2088 1601 2167 transfugam
1618 2126 1636 2151 .
1676 2092 1731 2146 8(
1754 2084 2008 2161 hospitem
2028 2078 2306 2155 tmusfugae
2322 2093 2556 2153 petent»

560 2164 636 2237 inj
644 2167 777 2221 ec'tae
793 2164 1061 2242 chirurgo
1080 2167 1448 2248 nequicquam
1466 2165 1737 2223 reluaanti
1748 2177 1954 2219 catenae,
1973 2163 2024 2217 δε
2053 2158 2108 2215 iu
2122 2158 2408 2234 proximos
2420 2156 2545 2216 hor-

557 2256 643 2298 tos
667 2244 882 2320 impetu
903 2242 1047 2301 facio
1066 2284 1083 2308 ,
1126 2264 1309 2323 nuper
1324 2240 1650 2306 inhumatum
1666 2237 2155 2301 Percantiscadaver
2170 2254 2302 2294 cum
2335 2234 2543 2313 hospite

556 2322 844 2399 quondam
871 2323 968 2380 suo
984 2316 1212 2400 publico
1231 2326 1454 2401 plaustro
1468 2365 1484 2390 ‚
1522 2341 1632 2401 quo
1656 2321 1891 2381 damnati
1906 2319 1969 2377 ad
1988 2316 2306 2395 supplicium
2325 2315 2540 2375 vehun-

552 2416 677 2465 tur,
701 2401 926 2460 barbara
944 2401 1159 2461 feritate
1176 2403 1520 2481 imponitur:
1559 2406 1799 2480 interque
1813 2401 2033 2463 nostras,
2063 2402 2115 2457 δι
2142 2395 2294 2453 bonae
2326 2396 2540 2453 viciniat

552 2480 824 2558 lacrymas
846 2521 863 2547 ,
882 2482 1083 2540 eodem
1101 2482 1317 2548 funere,
1337 2500 1588 2542 mortuus
1603 2486 1656 2542 ὃ(
1669 2482 1820 2539 vivus
1834 2479 2140 2538 inferuntur.
2190 2475 2292 2531 Cui
2311 2471 2539 2533 demum

555 2562 811 2638 (inquam
827 2565 959 2638 ego)
997 2560 1187 2619 futura
1218 2563 1293 2620 est
1324 2561 1509 2621 secura
1539 2565 1722 2642 quies,
1759 2560 1853 2618 ubi
1881 2560 1992 2618 fato
2020 2556 2211 2616 functis
2227 2555 2538 2630 denegatur!

553 2657 680 2713 qua:
695 2640 1066 2714 tranquillitas
1080 2638 1396 2715 sapientum
1415 2644 1616 2701 animis
1633 2682 1650 2706 ,
1683 2638 1777 2698 ubi
1807 2638 1959 2698 locus
1985 2658 2094 2697 non
2117 2636 2377 2694 iuvenitur
2392 2650 2554 2709 quem

555 2730 680 2771 tuto
697 2716 944 2771 incolant
963 2718 983 2768 ?
1018 2718 1232 2774 umbrae
1247 2718 1463 2779 foelices
1478 2722 1545 2777 ab
1562 2719 1753 2796 Elyfiis
1765 2724 2048 2784 eruuntur,
2074 2717 2274 2778 &inter
2286 2712 2553 2787 beatorum

550 2789 700 2847 sedes
720 2792 970 2848 noudum
998 2796 1208 2854 veritas
1238 2796 1443 2877 effugit
1462 2801 1728 2876 poenam?
1768 2799 2031 2857 Blandum
2061 2793 2260 2854 subrifit
2290 2791 2479 2854 Botris,
2506 2794 2555 2846 &

548 2869 1017 2929 exclamationem
1056 2893 1246 2932 meam
1278 2880 1537 2936 oratione
1571 2894 1685 2936 tam
1716 2877 1930 2954 placida
1942 2875 2154 2952 suscepit
2169 2910 2185 2936 2
2213 2884 2271 2928 ut
2301 2867 2553 2926 videretur

545 2946 795 3007 Phoebus
810 2950 958 3008 inter
973 2953 1142 3015 nubes
1160 2954 1404 3012 nitidum
1427 2957 1713 3016 coruscare
1734 2997 1750 3023 ‚
1779 2974 1879 3017 aut
1911 2960 1965 3015 in
1996 2951 2287 3028 tempestate
2300 2946 2552 3023 tranquil·

550 3027 673 3086 lum
694 3031 988 3106 Neptunus
1004 3051 1280 3110 apparere.
1342 3037 1415 3092 Et
1436 3052 1498 3093 tu
1516 3039 1685 3094 etiam
1708 3037 1936 3114 (inquit)
1952 3052 2013 3091 ex
2031 3032 2132 3089 iuis
2145 3048 2225 3093 ot,
2256 3028 2345 3103 qui
2360 3037 2555 3083 morta-

548 3106 694 3167 lium
711 3110 945 3169 crimina
958 3113 1211 3170 Deorum
1230 3114 1513 3189 exemplis
1529 3115 1787 3173 nesciunt
1804 3119 1863 3173 in
1878 3114 2084 3173 virtutis
2096 3111 2277 3169 locum
2305 3104 2556 3165 transilit?

545 3186 715 3245 hodie
746 3207 861 3247 non
896 3202 1139 3248 meretur
1176 3189 1428 3249 hominis
1461 3190 1710 3254 nomen.
1748 3194 2003 3274 quisquis
2028 3190 2288 3250 erubescit
2310 3205 2435 3245 cum
2457 3186 2564 3242 Diis

546 3284 796 3341 peccare.
874 3270 1139 3327 Audkores
1153 3268 1424 3327 scelerum
1445 3270 1681 3331 facimus
1715 3274 1905 3331 Deos:
1950 3278 2007 3333 δι
2038 3270 2253 3331 nullum
2282 3285 2473 3326 numen
2496 3263 2566 3321 su·

548 3343 851 3416 perstitiose
865 3347 1069 3407 colitur
1088 3389 1106 3413 ,
1141 3347 1243 3406 nifi
1259 3348 1411 3424 prius
1431 3389 1447 3413 ,
1488 3349 1796 3408 hominum
1825 3353 2057 3411 nefariis
2071 3349 2457 3429 cupiditatibus,
2481 3342 2564 3399 suff

549 3423 700 3478 vitiis
731 3425 1116 3485 auctoritatem
1135 3426 1343 3485 feccrit.
1421 3429 1587 3503 Impii
1622 3430 1918 3505 parricidae
1956 3434 2182 3490 Saturni
2206 3425 2437 3504 exemplo
2459 3422 2566 3480 deli·

544 3514 669 3556 rant
686 3539 701 3563 ‚
722 3503 923 3576 perjuri
945 3520 1214 3566 amatores
1231 3509 1428 3584 Jovem
1450 3507 1744 3563 imitantur
1761 3545 1780 3570 ,
1819 3511 2118 3569 Venerem
2154 3508 2402 3588 improba:
2428 3520 2570 3560 mere·

540 3577 726 3642 trices,
743 3583 1090 3642 Mercurium
1109 3598 1349 3642 oratores
1367 3582 2025 3662 ampullati,Apollinem
2049 3582 2569 3667 multiloquacesl’o'e‘-

541 3665 611 3710 rae
629 3691 646 3717 2
679 3655 1059 3735 AEsculapium
1098 3663 1424 3739 impostores
1460 3664 1664 3720 medici
1685 3683 1698 3718 ε
1742 3666 1797 3720 ὅτ.
1829 3668 2187 3748 quicunque
2218 3673 2281 3729 in
2295 3665 2576 3728 hancluoem

537 3728 850 3792 blandiente
872 3739 1004 3796 Fato
1024 3742 1172 3798 venit
1186 3754 1251 3798 ut
1266 3741 1473 3818 aliquid
1495 3740 1639 3798 male
1655 3740 1852 3798 faceret
1872 3780 1893 3804 .
1931 3746 2095 3804 nihil
2121 3768 2378 3827 unquam
2395 3746 2480 3803 siue
2491 3737 2580 3798 suf·

537 3808 717 3889 fregio
749 3817 1000 3875 Deorum
1037 3820 1455 3913 immortalium
1489 3819 1640 3880 fecit.
1704 3817 1910 3877 Define
1946 3826 2160 3885 mirari
2197 3824 2485 3888 incredulis
2494 3817 2593 3956 iattssi?

2574 3916 2594 3950 ξ
