2738 4475
309 361 314 364 .
375 345 380 350 -
414 356 421 365 .
842 283 908 362 1⁹
961 345 966 348 .
1003 305 1053 359 ι
1151 295 1210 360 ti
1306 302 1344 357 s
1441 289 1480 359 Ι
1495 289 1596 363 V.
2112 303 2149 380 ς
2163 301 2259 382 ςτ

210 415 456 489 clavum
474 408 726 486 sedent.
794 400 887 483 Et
906 407 1026 479 hos
1047 408 1298 508 optime
1315 407 1387 480 in
1401 409 1602 484 varias
1625 405 1844 482 classes
1858 402 2249 483 distinxeris.-

159 589 164 592 ,
214 516 240 554 ¹
256 514 544 600 Quidam
562 561 588 599 ‚
625 508 823 586 veluti
838 507 1033 581 duces
1054 558 1077 598 ,
1113 509 1302 584 novis
1323 506 1509 579 sacris
1534 508 1787 581 initium
1808 504 2051 580 faciunt
2069 551 2094 588 ,
2130 510 2263 583 sive

207 638 423 686 veram
442 608 819 713 sapientiam
842 607 1099 691 habent,
1119 607 1249 682 five
1271 605 1617 681 ambitioso
1632 633 1848 681 errore
1866 611 2263 708 praecipites.

206 719 307 787 Ita
321 715 449 786 ille
486 713 600 812 qui
634 710 713 783 ab
747 709 1027 810 AEgypto
1043 707 1302 806 Judaeos
1323 729 1682 782 remeantes
1706 707 1991 807 acceptis
2012 711 2049 780 a
2072 710 2256 780 coelo

203 813 452 912 legibus
472 808 853 912 composuit.
914 818 1016 882 Ita
1052 805 1280 907 postea'
1308 807 1601 884 Sanfflts-
1619 810 1732 881 ille
1752 830 2059 882 terrarum
2081 832 2153 878 ac
2174 807 2253 881 fi·-

212 912 434 986 derum
457 913 705 985 Auctor
721 960 747 998 ‚
785 910 894 1012 qui
912 908 1280 983 hominibus
1298 906 1532 1008 sponte
1550 927 2016 991 annumeratus,
2037 905 2258 982 nostro

212 1012 436 1111 generi
453 1007 553 1085 sua
575 1034 783 1087 morte
805 1008 884 1083 ad
906 1011 1106 1085 vitam
1124 1011 1248 1083 iter
1267 1009 1493 1081 sanxit.
1519 1013 1609 1083 Et
1635 1011 1969 1110 (quoniam
1991 1034 2125 1080 non
2141 1007 2249 1080 hic

214 1131 466 1184 tantum·
503 1111 895 1211 probitatem
912 1157 936 1195 ,
989 1107 1096 1183 sed
1136 1117 1201 1184 δι
1237 1105 1565 1181 fortunam
1588 1153 1614 1189 ‚
1651 1109 1856 1209 qualis
1875 1109 1939 1180 in
1955 1107 2255 1181 humanis

207 1212 388 1284 rebus
404 1211 569 1285 ludit
588 1259 611 1295 ,
649 1210 1097 1304 describimus)
1141 1209 1305 1309 proh
1325 1204 1507 1281 nefas
1531 1218 1548 1280 2
1583 1210 1674 1280 ita
1707 1208 1817 1282 ille
1856 1209 1968 1308 qui
2005 1209 2253 1279 Arabas

201 1313 483 1409 primum
505 1320 572 1387 &
593 1319 788 1411 Syros
809 1357 834 1394 ,
873 1310 1092 1412 postea
1130 1307 1436 1410 quicquid
1455 1308 1534 1379 ab
1555 1308 1743 1381 India
1761 1309 1839 1381 ad
1856 1308 2098 1384 Helles
2087 1333 2259 1407 pon-

205 1430 346 1483 tum
360 1413 529 1506 jacet
544 1463 568 1496 ,
606 1420 674 1487 &
710 1437 881 1484 nunc
916 1410 1067 1482 inde
1090 1433 1322 1482 omnes
1342 1429 1541 1479 terras
1561 1406 1639 1479 ad
1659 1409 1975 1482 citerioris
1993 1414 2258 1480 Panno·

203 1511 329 1584 niae
368 1509 534 1583 fines
559 1559 585 1596 ‚
617 1508 728 1581 suo
761 1508 999 1582 scelere
1038 1509 1368 1607 amplexus
1389 1556 1415 1593 ,
1467 1508 1743 1606 Libyam
1777 1533 2036 1611 quoque
2077 1505 2248 1607 pene

201 1629 451 1705 quanto
470 1610 718 1681 ambitu
734 1603 1108 1681 circumfusa
1128 1608 1323 1681 maria
1339 1607 1634 1680 extendit
1654 1655 1675 1692 ‚
1710 1608 2013 1710 sacrilega
2031 1604 2251 1705 super-

208 1707 477 1780 stitione
496 1707 800 1807 corrupit.
875 1710 967 1782 Et
1003 1707 1122 1778 hos
1156 1705 1417 1808 quidem
1436 1755 1459 1793 ,
1500 1731 1662 1807 quos
1697 1734 1847 1782 vera
1871 1717 1939 1784 δε
1956 1705 2255 1782 coelestia

199 1799 480 1901 auspicia
510 1806 589 1878 ad
625 1831 770 1880 eam
808 1808 1025 1907 legum
1060 1802 1465 1880 ferendarum
1489 1807 1886 1901 majestatem
1904 1807 2252 1885 deducunt,

201 1903 393 1978 nobis
430 1905 597 1978 haud
633 1908 790 1979 licet
828 1908 941 1979 nisi
977 1904 1055 1979 ad
1097 1905 1296 1979 fidem
1331 1927 1436 1978 aut
1452 1906 1899 1982 adorationem
1922 1905 2248 2006 suspicere.

198 2004 482 2078 Caeteris
499 2061 520 2090 ‚
558 2007 672 2105 qui
706 2008 976 2079 nomine
1036 2004 1409 2080 coelestium
1429 2008 1497 2079 in
1519 2031 1589 2079 re
1606 2026 1786 2081 tanta
1802 2007 1977 2081 abuti
1992 2030 2125 2078 non
2146 2028 2259 2094 ve-

196 2125 417 2176 rentur
433 2104 813 2203 populisque
833 2107 1208 2202 imponere,
1231 2131 1382 2178 eum
1404 2111 1690 2178 animum
1712 2103 1837 2179 esse
1856 2105 2101 2179 necesse
2123 2102 2245 2185 est,

202 2204 457 2303 quince
478 2202 623 2304 ipsis
644 2201 768 2275 suis
789 2204 1038 2303 legibus
1060 2251 1082 2286 ‚
1109 2227 1230 2275 nec
1249 2205 1529 2276 omnino
1550 2204 1632 2276 de
1653 2205 1890 2277 divinis
1907 2204 2254 2306 quidquam

202 2303 422 2376 credat
435 2354 460 2391 ,
481 2328 614 2375 non
631 2305 969 2377 virtutibus
988 2325 1202 2401 parcat
1224 2350 1246 2385 ‚
1267 2329 1401 2374 non
1422 2301 1667 2403 flagitia
1684 2353 1709 2389 ‚
1735 2304 1850 2375 nisi
1869 2307 1949 2377 ad
1964 2301 2250 2403 speciem

203 2397 401 2484 forte,
422 2398 742 2501 refugiat3
789 2402 869 2472 Id
889 2403 1152 2500 quidem
1220 2401 1577 2475 otissimum
1596 2428 1819 2474 curans
1844 2449 1865 2486 ‚
1905 2427 1975 2474 ut
2004 2402 2116 2473 libi
2136 2426 2249 2475 ve-

200 2501 610 2575 nerationem
631 2500 983 2584 conciliet,
1015 2501 1162 2599 lege
1193 2526 1318 2599 que
1353 2525 1510 2597 quas
1553 2501 1775 2573 condit
1812 2502 1892 2572 ad
1910 2500 2251 2573 libidinem

203 2601 312 2673 vel
334 2596 856 2698 superstitionem
874 2594 991 2671 suae
1010 2601 1227 2698 gentis
1243 2597 1565 2671 inflectat.
1635 2604 1881 2698 Neque
1908 2616 2000 2688 (ut
2020 2601 2086 2670 in
2112 2601 2252 2669 aliis

203 2693 549 2769 sceleribus
571 2693 896 2767 interdum
918 2693 1023 2789 fit)
1051 2698 1161 2795 qui
1177 2696 1262 2768 fic
1286 2720 1577 2795 peccant,
1600 2699 1813 2796 decipi
1835 2699 1949 2798 ipli
1971 2698 2255 2799 possunt,

206 2803 282 2871 &
330 2795 434 2867 vel
467 2789 589 2867 suae
633 2788 964 2867 sententiae
984 2843 1010 2880 ,
1051 2796 1158 2866 vel
1173 2820 1387 2871 rerum
1406 2823 1623 2871 amore
1642 2825 1781 2898 quae
1810 2803 1878 2871 in
1948 2797 2254 2873 uaestione

201 2889 554 2974 versantur,
577 2892 806 2966 caecari
825 2940 848 2976 ,
870 2889 977 2968 sed
995 2888 1117 2968 suae
1133 2896 1566 2995 improbitatis
1588 2896 1829 2971 conscii
1851 2950 1872 2986 ,
1894 2828 1956 2975 pe
1980 2901 2245 2998 impios,

198 3001 275 3070 δι
297 2992 511 3096 pestes
531 2993 904 3066 mortalium
926 3019 1061 3067 non
1082 2997 1425 3096 ignorant3
1465 3000 1745 3071 maxime
1780 3026 1926 3072 cum
1947 3050 1972 3086 ,
2007 3000 2084 3069 ad
2103 3024 2253 3095 per-

193 3092 586 3171 suadendam
607 3095 855 3194 populo
869 3093 1275 3171 insolentiam
1293 3120 1429 3172 tam
1451 3096 1622 3172 seriae
1643 3101 1948 3189 novitatis
1968 3146 1990 3181 ‚
2009 3096 2086 3169 lit
2108 3094 2143 3167 s
2135 3097 2253 3165 ub-

1337 3198 1347 3206 ’
2109 3196 2248 3266 tilis

279 3381 307 3418 r
348 3364 580 3428 agilan,
608 3367 875 3421 «latidum
892 3366 1195 3437 ,miesacrffe
1258 3386 1369 3433 tot,
1398 3385 1559 3426 vatum
1588 3373 1784 3425 oraculis
1806 3369 2130 3441 poefigmtm.
2165 3362 2254 3436 qui

191 3435 728 3500 &demsisti-nuque·
743 3452 984 3489 enumerat
997 3440 1197 3509 Legissa-
1257 3456 1367 3493 cum
1394 3439 1439 3492 se
1467 3444 1629 3494 vadem
1659 3459 1744 3510 pro
1759 3440 1940 3493 scelesta
1952 3455 2093 3511 gente
2105 3436 2249 3489 obtu-

198 3505 428 3563 romu&
451 3508 604 3555 nuces
619 3502 1086 3574 sacromm‚quormn
1101 3510 1196 3577 pri·
1258 3507 1378 3563 liffet
1395 3514 1516 3561 Patri
1533 3546 1550 3568 ,
1576 3513 1786 3580 ehirogra
1822 3512 1932 3561 hum
1973 3508 2250 3561 damnatio·

199 3569 425 3624 musfuit
438 3568 628 3639 Moyses
639 3587 861 3624 cornutus
879 3605 899 3634 ‚
925 3574 984 3624 de
1010 3574 1200 3645 qquu-
1261 3580 1336 3629 nis
1368 3578 1532 3632 nostrae
1559 3578 1750 3632 struma
1805 3582 1872 3630 xit
1884 3581 2026 3631 cruci.
2057 3577 2251 3630 Tertius

199 3640 354 3692 stium
368 3673 393 3701 ,
422 3645 477 3691 Et
500 3642 701 3711 ipsbleges
713 3641 852 3710 digito
864 3645 1143 3724 Deiftn'peaec
1153 3649 1200 3696 ἑκ
1260 3644 1474 3727 seunkot
1513 3648 1764 3701 bominum
1790 3648 1881 3699 fuit
1911 3647 2207 3700 Mahumetes
2224 3674 2255 3701 >

196 3714 401 3830 razn
417 3709 1200 3847 Marwa&
1261 3714 1636 3853 bessa
1649 3716 2251 3854 &basam

190 3844 411 3902 chunus
430 3853 579 3910 Dan,
600 3850 652 3902 δι
667 3847 956 3919 Ιιοωοιῑεείε
971 3864 994 3901 x
1073 3864 1197 3907 tma-
1263 3847 1484 3925 sacnlego
1506 3850 1609 3910 fuse
1634 3856 1793 3907 neum
1821 3853 1887 3903 est
1912 3855 2062 3922 capite
2088 3860 2278 3960 ⁰9⁰3}

1675 3928 1731 3979 Μ
1748 3938 1800 3977 m
1829 3936 1867 3986 4
2136 3926 2187 3963 m
