2738 4475
856 268 911 335 P
1017 287 1064 334 Α
1168 285 1223 334 ιι
1322 282 1363 334 ‘s
1476 266 1568 336 V.
2081 343 2107 360 Ι
2126 264 2175 336 6
2189 288 2212 334 ι
2232 289 2269 356 7

231 385 360 443 tito
381 379 649 440 virtutum
672 378 879 439 semina
906 379 1257 439 crudescunt.
1297 384 1351 437 δι
1384 396 1671 457 nunquam
1706 379 2042 456 perveniunt
2073 384 2138 440 ad
2168 383 2282 442 fru.

251 480 381 540 gem
399 462 494 519 nili
509 479 603 534 per
617 461 692 534 inj
703 461 844 517 urias
859 463 989 517 a'e‘ris
1004 465 1057 517 δε
1076 461 1374 516 hominum
1394 460 1682 515 invidiam.

334 542 472 603 Hoc,
491 545 545 598 ὅτ.
564 541 730 594 aetatis
752 540 908 596 simul
922 540 1138 614 paritas,
1160 537 1462 594 Clodovaeo
1479 536 1785 611 mejunxit.
1845 539 2146 595 Enimvero
2164 541 2289 598 nul-

249 617 334 675 lus
350 619 495 675 inter
510 616 831 674 ambitiosos
848 621 900 676 δε
920 620 1136 674 invidos
1154 616 1294 672 bene
1311 613 1557 693 quiescit.
1574 618 1639 671 Et
1653 618 1785 691 quia
1797 619 2121 694 principum
2142 622 2285 675 ami-

253 698 396 754 citiae
416 695 561 752 lente
574 693 867 771 augescunt
886 736 901 761 ,
931 696 1112 754 subito
1141 696 1574 772 extinguuntur,
1617 694 1711 749 ubi
1744 692 2147 754 insusurravere
2176 698 2290 755 ini-

257 777 391 831 mici
409 775 468 830 in
485 777 625 850 regis
641 792 826 832 aurem
848 817 864 840 ,
879 788 940 831 ut
957 773 1313 830 adolescentis
1331 773 1643 829 admonitus
1657 788 2043 831 contemneret
2059 816 2075 839 ,
2105 776 2287 833 statim

255 871 434 928 regno
451 850 692 928 depellor
706 851 947 910 &avidis
965 853 1274 927 imperandi
1294 850 1677 907 successoribus
1691 853 1954 926 juvenem
1975 855 2290 929 principem

261 932 535 1007 relinquo.
592 932 701 988 Diu
735 950 830 1005 per
858 931 1068 1004 Italiam
1089 930 1321 987 exilium
1343 947 1535 987 meum
1550 930 1903 996 circumtuli,
1927 951 2025 1008 per
2038 933 2288 990 Tuscum

262 1010 485 1066 tandem
507 1045 523 1068 ‚
559 1010 923 1087 Siculumque
939 1028 1089 1066 mare
1104 1049 1120 1074 ,
1151 1008 1407 1065 deve&us
1422 1006 1674 1072 Melitam
1690 1047 1707 1069 ‚
1742 1011 1936 1085 (quam
1958 1026 2290 1088 perpetuum

261 1086 469 1145 bellum
488 1085 643 1161 supra
655 1108 851 1146 omnes
868 1091 1094 1163 Europae
1110 1086 1308 1144 insulas
1326 1088 1512 1144 evexit
1526 1087 1590 1143 ad
1611 1086 1844 1162 famam)
1880 1088 1957 1145 ibi
1979 1093 2157 1164 prima
2173 1092 2290 1146 mi-

255 1166 392 1223 litiae
407 1166 670 1241 stipendia
686 1166 783 1224 sub
800 1165 1035 1242 Apolide
1051 1169 1249 1256 merui.
1312 1167 1458 1222 Dein
1489 1164 1729 1241 auspicio
1756 1165 1934 1232 facto,
1965 1167 2215 1244 votisque
2231 1170 2291 1225 in

257 1244 446 1302 littore
466 1245 734 1320 Neptuno
750 1247 933 1303 reduci
952 1245 1139 1302 solutis
1156 1286 1172 1309 ,
1191 1247 1388 1302 armati
1408 1246 1760 1322 ingredimur
1777 1263 1969 1303 navem
1992 1287 2010 1312 ,
2027 1266 2292 1304 numero-

262 1342 375 1398 que
407 1325 649 1399 potiores
677 1325 851 1382 hostes
886 1327 1073 1401 primo
1102 1324 1398 1400 congressu
1431 1323 1605 1380 foelici
1639 1325 1944 1382 temeritate
1956 1325 2293 1402 superamus.

266 1404 401 1459 Non
421 1400 665 1472 duratad
682 1418 998 1459 extremum
1019 1402 1131 1459 sors
1148 1402 1424 1459 faventior
1437 1440 1454 1466 ,
1467 1402 1733 1459 immutat
1748 1402 1929 1460 vultus
1946 1442 1963 1467 ,
1978 1408 2031 1462 δε
2047 1404 2295 1481 maligno

262 1478 479 1556 aspe6tu
499 1494 666 1536 terret
689 1520 705 1544 ,
734 1500 872 1557 quos
887 1481 1047 1536 celeri
1063 1479 1233 1555 gradu
1249 1480 1315 1537 ad
1333 1480 1452 1537 laeta
1468 1481 1769 1555 promovit.
1834 1485 2050 1539 Aurum
2071 1486 2124 1540 a<
2137 1501 2300 1560 gem·

262 1577 382 1615 mas
394 1557 460 1614 ad
477 1559 591 1614 ima
603 1559 806 1616 viscera
820 1558 1028 1615 telluris
1041 1559 1148 1614 faex
1164 1558 1415 1622 obducit,
1430 1562 1484 1616 δι
1499 1577 1782 1636 nunquam
1802 1560 1941 1617 bene
1965 1560 2180 1638 fulgent
2195 1558 2299 1618 nisi

263 1636 382 1694 istas
400 1640 452 1693 ὅ(
472 1634 609 1691 illud
625 1637 769 1714 ignis
784 1636 1192 1693 examinaverit.
1235 1635 1519 1700 inhorruit
1538 1656 1725 1714 aequor
1738 1675 1752 1697 ‚
1776 1638 2003 1696 adverso
2022 1640 2154 1695 flatu
2175 1658 2301 1694 ver-

265 1711 440 1769 berati
478 1713 680 1771 flut‘kus
710 1714 1023 1790 impediunt
1055 1734 1265 1772 remos:
1311 1735 1459 1773 nunc
1494 1717 1643 1772 velut
1666 1716 1697 1773 e
1728 1715 1954 1794 scopulo
1971 1718 2298 1793 pendemus.

265 1809 418 1849 nunc
435 1792 674 1848 reductis
693 1795 851 1849 undis
870 1811 1086 1850 arenam
1101 1793 1374 1868 pulsamus
1391 1834 1408 1859 ,
1438 1793 1620 1868 &ipsa
1635 1796 1859 1852 Tartara
1887 1795 2084 1871 trepidi
2119 1797 2300 1852 intue-

263 1889 412 1926 mur.
468 1872 660 1927 Donec
677 1872 773 1927 diu
789 1890 885 1945 per
903 1874 1299 1930 Acroceraunia
1313 1874 1546 1948 jastatos
1560 1873 1624 1929 ad
1643 1877 1953 1930 Locrorum
1972 1888 2176 1931 terram
2190 1874 2299 1930 im·

258 1949 451 2024 pulei-e
484 1951 650 2006 venti.
708 1951 834 2026 Jam
868 1952 998 2007 ratis
1026 1951 1215 2009 laxatis
1242 1971 1445 2027 compa
1488 1952 1612 2009 ibus
1624 1969 1902 2027 aperuerat
1918 1954 2116 2014 costas,
2135 1957 2305 2027 &pet

254 2026 442 2104 plures
459 2029 625 2084 rimas
639 2045 918 2105 acceperat
940 2047 1121 2086 mare:
1163 2033 1311 2088 Cum
1333 1971 1523 2106 Apoffis
1539 2031 1939 2105 imperterritus
1961 2029 2300 2105 Tyndaridas

259 2106 321 2161 in
337 2108 656 2182 tempestate
670 2108 933 2166 ostendit.
960 2110 1280 2183 tempestiva
1296 2110 1551 2166 oratione
1569 2109 1787 2166 animos
1802 2111 1831 2163 s
1830 2127 2028 2174 uorum
2044 2108 2300 2167 militum

260 2183 328 2241 ad
351 2185 803 2263 tranquillitatem
825 2187 1104 2243 reducens.

350 2265 510 2321 Scitis
545 2266 770 2341 (inquit)
804 2284 917 2322 non
945 2266 1064 2323 aliis
1079 2263 1269 2322 hostiis
1286 2263 1484 2340 placari
1508 2263 1800 2322 Phaestium
1822 2263 2135 2339 Apollinem
2154 2303 2170 2329 ‚
2199 2266 2303 2341 qui

264 2339 363 2398 hic
398 2344 596 2417 pietate
628 2363 769 2401 caeca
799 2344 1035 2408 colitur,
1062 2362 1228 2418 quam
1271 2342 1560 2402 humanis:
1605 2347 1658 2400 ὅ(
1689 2342 1772 2401 his
1789 2343 2194 2419 masculisquos
2209 2357 2304 2401 aut

267 2418 498 2477 fortuna
511 2420 661 2480 belli.
675 2434 766 2477 aut
782 2436 1075 2479 ventorum
1094 2424 1185 2478 irae
1202 2420 1570 2496 permiserunt
1589 2422 1799 2477 Locris.
1846 2425 2093 2479 Tantum
2127 2437 2306 2477 exter·

269 2516 358 2555 nae
373 2496 622 2556 foeminae
638 2499 696 2554 in
714 2500 920 2555 oraculi
943 2499 1107 2556 fidem
1127 2499 1424 2564 servantur,
1442 2499 1593 2575 quod
1622 2499 1689 2556 ab
1710 2498 1968 2574 amplexu
1991 2503 2305 2556 Locrorum

269 2593 301 2632 r
375 2578 418 2632 is
450 2580 506 2633 ὃς
533 2576 843 2650 alienigena
861 2576 1093 2635 muliere
1108 2577 1322 2634 dudum
1338 2579 1593 2654 pra-dixit
1610 2576 1946 2636 nasciturum
1969 2579 2305 2650 principem.

273 2651 330 2709 se
371 2670 462 2709 em
500 2654 725 2727 imperii
751 2653 899 2710 orbis
932 2667 1199 2713 terrarum
1227 2668 1320 2712 aut
1350 2656 1644 2713 Oeantben
1674 2669 1768 2714 aut
1801 2659 1991 2732 Argon
2010 2654 2307 2730 Eupalcam

277 2729 578 2786 faetus-um.
636 2731 701 2787 In
720 2748 839 2788 eam
865 2731 1016 2808 spem
1034 2733 1102 2789 ab
1117 2733 1379 2790 omnibus
1393 2734 1624 2791 universi
1642 2734 1882 2811 partibus
1900 2734 2309 2809 conquiruntur

272 2806 470 2885 puella:
487 2813 546 2868 δε
563 2823 830 2867 matronae
844 2811 1184 2885 expectatam
1201 2808 1449 2870 sobolem
1467 2814 1592 2870 datu
1601 2834 1683 2870 rae.
1730 2812 2109 2888 Qaerendum
2139 2813 2214 2870 est
2229 2809 2312 2869 ef·

249 2926 252 2929 Δ
273 2884 519 2963 fugium,
555 2906 672 2964 quo
704 2888 1023 2966 Cyclopum
1052 2888 1391 2948 carnificinas
1406 2931 1423 2956 ,
1456 2895 1510 2950 δι
1546 2891 1870 2950 Phorbantis
1900 2890 2306 2966 implacabilem

269 2963 535 3023 saevitiam
554 2967 814 3024 vitemus.
868 2969 1103 3026 Certum
1135 2970 1241 3036 est3
1280 2970 1591 3028 videbimus
1616 2974 1906 3029 Taenarum
1928 3006 1945 3030 ‚
1975 2973 2031 3027 δε
2066 2970 2309 3027 viCtimae

269 3042 520 3103 infelices
552 3059 679 3102 ante
712 3065 827 3102 aras
857 3047 1136 3123 Apollinis
1163 3046 1273 3104 fine
1312 3049 1549 3106 vindifia
1555 3049 1941 3127 jugulabimur
1957 3087 1973 3111 ‚
2007 3047 2043 3103 fi
2059 3047 2311 3105 recusetis

271 3122 562 3180 consilium
593 3124 748 3199 cujus
779 3123 1062 3183 salubritas
1092 3144 1206 3183 non
1239 3126 1397 3185 aliter
1419 3146 1588 3204 quam
1610 3147 1706 3203 per
1718 3128 1937 3185 exitum
1958 3126 2309 3201 comprobari

276 3202 466 3275 potest.
524 3203 825 3278 Qotquot
845 3203 935 3261 hic
956 3205 1106 3262 viros
1115 3204 1218 3263 ess‘e
1233 3207 1467 3263 ostendit
1482 3205 1646 3263 barba
1661 3245 1677 3270 ,
1697 3206 1912 3264 induite
1934 3203 2089 3261 illico
2103 3223 2312 3262 merca·

281 3290 472 3335 torum
492 3277 725 3344 habitus,
737 3285 794 3339 &
812 3280 1005 3362 fingite
1023 3302 1117 3341 vos
1132 3302 1228 3358 per
1243 3283 1425 3342 smum
1441 3285 1725 3341 Crissaeum
1746 3286 1803 3340 in
1822 3284 1961 3340 hanc
1974 3300 2128 3339 oram
2149 3280 2310 3358 spon.

283 3369 341 3414 te
357 3354 679 3416 descendisse
695 3397 711 3422 ,
753 3372 815 3415 ut
831 3358 1229 3433 specioslffimas
1246 3362 1452 3420 formas
1467 3382 1565 3438 per
1583 3364 1726 3419 varia
1746 3362 1908 3420 maris
1923 3374 2189 3437 terraeque
2220 3382 2312 3436 pe·

275 3434 703 3510 riculaquaefitas
731 3439 1051 3497 addiceretis
1082 3460 1268 3498 emere
1295 3440 1622 3499 volentibus.
1682 3442 1836 3505 Nos,
1867 3458 2109 3516 quorum
2140 3442 2314 3499 vulti·

277 3514 380 3571 bus
396 3515 634 3570 tenerior
655 3529 778 3573 aetas
793 3518 1039 3577 nondum
1058 3520 1306 3578 virorum
1328 3535 1519 3578 notam
1538 3515 1734 3577 insevit
1752 3557 1768 3580 2
1800 3520 2020 3577 mitellis
2037 3518 2319 3598 colligabi-

279 3612 408 3650 mus
426 3593 602 3648 crines
623 3632 637 3656 ‚
680 3595 895 3652 annulis
923 3616 1074 3655 aures
1102 3598 1486 3662 onerabimus,
1519 3601 1573 3655 &
1610 3599 1755 3655 varia
1775 3599 2074 3657 mulierum
2095 3602 2236 3655 vesse
2252 3598 2317 3655 ad

276 3669 605 3745 exemplum
641 3669 915 3731 servientis
959 3678 1203 3751 Herculis
1233 3678 1399 3735 fortia
1427 3675 1761 3733 evirabimus
1792 3677 2056 3734 membra.
2116 3678 2204 3733 Sic
2224 3696 2318 3733 vos

278 3749 851 3826 titulonegotiationis
870 3754 995 3815 tuti,
1019 3756 1085 3812 ad
1105 3770 1409 3812 mercatum
1428 3755 1633 3811 caeteris
1650 3755 1923 3828 expositis,
1942 3773 2073 3812 mox
2100 3772 2318 3810 vaenum

275 3828 418 3888 datis
432 3869 449 3895 ‚
470 3846 720 3906 reparato
743 3831 962 3911 navigio
981 3833 1224 3893 invisetis
1241 3835 1447 3892 iterum
1466 3832 1669 3890 amicas
1685 3847 1879 3894 terrast
1927 3851 2060 3894 mox
2080 3832 2320 3905 plurima

1398 3911 1514 3986 Qq
1553 3926 1592 3983 5
2169 3927 2323 3970 nave,
