2738 4475
886 267 939 338 1²
1046 286 1094 338 Α
1196 269 1248 341 i
1319 288 1388 342 ἰ
1492 270 1637 341 ⁴11-
1779 265 1784 271 ’
2146 266 2274 364 '163

294 412 574 472 uerteret·
624 397 781 468 Nec
813 409 1155 469 contentus
1188 401 1520 472 communi
1549 391 2050 476 benevolentia,
2099 404 2282 494 quam'

303 502 427 570 cile
467 504 536 570 in
571 520 801 570 munes
817 498 1322 594 expromebam,
1360 499 1440 572 ad
1462 498 2078 570 aretiorisamicitiae
2098 496 2286 568 sacra-

243 622 545 670 mentum
579 598 889 670 incitavit.
943 602 1110 670 Non
1151 602 1336 696 potui
1369 598 1476 670 diu
1514 620 1746 697 negare
1764 618 1898 668 tam
1914 594 2282 670 officiosum

239 722 513 778 munna,
569 696 913 794 praesertim
949 722 1093 768 cum
1137 702 1412 798 pignora
1448 698 1746 770 haberem
1766 698 1966 768 animi
1988 694 2286 766 nonian-

239 796 433 893 guide
449 796 527 868 ad
545 798 783 868 virtutis
801 796 1251 868 difficultatem
1269 796 1680 898 exsurgentis.
1734 804 1960 896 ltaque
1980 796 2288 894 paulatim

255 894 333 964 ad
377 920 719 968 extremam
759 896 1139 966 charitatem
1181 896 1438 968 deduffi
1472 896 1724 982 sumus;
1760 896 2152 996 restabatque
2192 920 2294 966 ar-

253 994 535 1066 &iffimae
569 994 1019 1068 neceffitudini
1041 1040 1061 1074 ,
1097 1016 1163 1066 ut
1203 998 1296 1066 illi
1328 1000 1560 1094 prioris
1584 998 1732 1080 vitae
1751 990 2162 1066 miserrimam
2192 994 2292 1066 se-

237 1096 393 1166 riem
429 1120 793 1166 narrarem:
851 1118 979 1192 ego
1013 1093 1276 1168 viciffim
1298 1146 1320 1180 ‚
1358 1100 1496 1194 quis
1518 1094 1718 1176 esset,
1760 1102 1828 1166 δε
1854 1120 1934 1166 ex
1952 1120 2074 1194 qua
2092 1116 2290 1194 gente

235 1216 337 1264 aut
379 1194 801 1292 parentibu5‚
855 1190 1330 1292 cognoscerem.
1406 1198 1574 1268 Haec
1614 1194 1958 1268 diutiffime
1990 1218 2126 1264 non
2156 1196 2288 1268 fine

227 1296 593 1392 pertinacia
615 1294 995 1366 celavimus:
1053 1320 1203 1364 nam
1229 1302 1298 1364 &
1319 1316 1442 1392 ego
1464 1315 1908 1392 contemptum
1930 1318 2010 1366 ex
2026 1314 2128 1367 tot
2152 1288 2288 1364 for-

225 1416 401 1464 tunae
423 1390 721 1464 ludibriis
743 1392 1051 1462 timebam
1073 1438 1095 1472 ‚
1141 1400 1209 1464 &
1233 1394 1344 1462 ille
1362 1394 1684 1466 altioribus
1704 1392 1898 1466 caufis
1922 1392 2288 1470 deterreba-

223 1514 331 1564 tur
355 1513 473 1562 aut
493 1492 767 1586 patriam
791 1510 892 1558 aut
911 1514 1115 1586 genus
1137 1488 1454 1560 confiteri.

337 1596 555 1660 Forte
593 1590 663 1656 in
697 1587 1057 1658 Themistii
1091 1586 1468 1660 umbraculis
1484 1612 1772 1679 eramus,
1812 1596 1876 1664 &
1902 1592 2046 1690 post
2060 1586 2296 1666 suavis-

233 1688 455 1758 simos
489 1686 811 1756 sermones
833 1734 853 1766 ‚
905 1688 1057 1782 Ego
1091 1710 1286 1768 vero,
1322 1690 1626 1786 inquam,
1668 1696 1977 1762 Artemon
2002 1748 2020 1776 ,
2058 1691 2106 1762 fi
2148 1714 2298 1764 tan-

231 1810 389 1858 tum
433 1786 595 1856 mihi
635 1782 968 1856 virtutibus
987 1804 1177 1858 notus
1195 1784 1388 1870 essee,
1424 1808 1644 1858 tamen
1660 1812 1952 1888 rogarem
1976 1790 2076 1860 cni
2092 1789 2304 1862 arbori

231 1876 617 1986 preciosum
633 1882 943 1956 surculum
961 1884 1139 1956 orbis
1159 1886 1418 1960 deberet
1442 1916 1460 1958 ε
1516 1912 1682 1956 nunc
1704 1912 1862 1960 vero
1878 1888 2178 1984 quoniam
2200 1890 2304 1960 in-

223 1990 399 2058 tima
425 1986 576 2056 vita.-
593 1982 1049 2056 consuetudine
1067 1988 1458 2082 permixtiin
1474 1986 1744 2058 eandem
1764 1982 2146 2058 felicitatem
2166 1986 2306 2058 eos-

231 2088 527 2184 demque
559 2084 899 2177 juravimus
935 2084 1111 2154 casus
1155 2136 1177 2172 ,
1217 2088 1352 2156 noli
1392 2085 1724 2168 admirari,
1769 2086 1812 2158 fi
1856 2086 2298 2162 vehementius

235 2210 490 2283 exopto
507 2231 531 2269 ,
567 2194 629 2257 δι
653 2204 995 2283 parentum
1011 2178 1340 2257 fortunam
1360 2231 1380 2265 ,
1402 2196 1467 2259 δε
1486 2188 1767 2257 rationes
1782 2208 1920 2255 tuas
1938 2233 1958 2267 ‚
1984 2186 2142 2259 nihi-1
2164 2185 2294 2259 dis-

241 2285 531 2355 fimum-a
551 2289 839 2355 oratione
861 2284 1103 2357 audire.
1119 2287 1245 2357 me
1263 2311 1490 2383 corpus
1512 2310 1722 2357 meum
1744 2285 2000 2357 amabili
2020 2287 2290 2359 brachio

241 2385 519 2455 incinxit
537 2431 561 2467 ,
577 2381 891 2481 oculisque
915 2409 1205 2457 rnoerore
1225 2385 1638 2455 blandissimo
1654 2389 1724 2457 in
1744 2409 1850 2457 me
1872 2385 2098 2457 defixis
2124 2417 2142 2457 t
2168 2389 2296 2461 Vi-

243 2483 363 2553 des
389 2505 497 2551 me
523 2529 545 2561 ,
583 2483 1035 2579 Euphor-mio?
1077 2485 1326 2585 inquit,
1350 2485 1716 2557 mihicrede
1736 2533 1758 2567 ,
1782 2491 1846 2553 &
1868 2483 1974 2553 hic
1998 2485 2202 2553 cultus
2224 2491 2292 2555 δε

247 2579 521 2651 vivendi
557 2583 717 2649 ratio
749 2603 909 2651 meae
943 2585 1155 2679 gentis
1193 2585 1576 2683 dignitatern
1620 2579 2028 2651 subtilissima
2048 2585 2298 2651 ratione

251 2681 593 2751 mentitur.
651 2679 915 2775 Qippe
949 2683 1195 2779 magnis
1231 2683 1592 2781 parentibus
1638 2702 1820 2779 natus
1843 2683 1908 2751 in
1930 2679 2096 2751 hanc
2120 2693 2300 2753 com·-
2362 2759 2376 2780 Χ

253 2777 477 2847 munis
515 2779 661 2849 vitat
695 2777 1169 2873 simplicitatem
1205 2839 1223 2865 ,
1280 2800 1422 2855 mea
1460 2781 1724 2881 sponte,
1780 2789 1846 2857 δέ
1886 2781 2296 2855 clandestinis

253 2875 539 2947 confiliis
559 2875 879 2965 descendi.
915 2883 1067 2971 Jam
1089 2883 1237 2953 illud
1259 2881 1298 2957 ὲ
1318 2887 1580 2981 pueritia
1600 2885 1902 2985 cognovi,
1922 2887 2174 2983 quantis
2196 2907 2302 2953 ca·-

251 2979 415 3049 sibus
449 2977 725 3049 humana
759 2981 979 3051 omnia
1019 3001 1372 3063 vertantur,
1410 2985 1650 3057 &nihil
1672 3007 1802 3057 tam
1826 2983 2052 3053 securis
2072 2983 2302 3052 radici·-

251 3077 371 3147 bus
407 3079 567 3163 niti,
623 3079 691 3149 in
729 3078 899 3177 quod
937 3081 1243 3153 violentia
1278 3081 1550 3155 fatorum
1574 3109 1706 3157 non
1726 3085 1956 3153 valeat.
2006 3085 2192 3151 Nam
2230 3097 2302 3147 ut

251 3195 441 3275 pater
475 3179 547 3247 in<
559 3179 853 3251 altiorem
871 3179 1328 3253 conscenderat
1348 3185 1560 3253 locum
1582 3231 1606 3265 ‚
1644 3179 2022 3275 eo-apertior
2044 3198 2306 3275 tempe-

249 3275 525 3349 statibus
565 3273 867 3357 fortunae‚
907 3283 1111 3351 nullas
1151 3307 1360 3355 return
1398 3279 1906 3359 vicissitudines,
1952 3285 2016 3349 δε
2072 3279 2302 3349 incon-

243 3375 561 3447 stantiam
597 3379 959 3475 Principum
995 3383 1249 3451 inmoto
1288 3383 1566 3479 remigio
1584 3377 1800 3449 evasit.
1856 3381 2024 3465 Qis
2044 3381 2304 3477 :egritu-

243 3477 445 3547 dines
481 3477 679 3547 animi
699 3525 719 3557 ‚
761 3483 897 3577 quis
921 3477 1099 3577 spem
1121 3481 1534 3577 implacidam
1556 3537 1572 3561 ,
1612 3499 1714 3546 aut
1734 3479 2070 3577 pervigiles
2094 3503 2296 3557 curas,

245 3599 429 3647 nunc
453 3579 793 3649 metuentis
813 3583 1053 3653 ruinam
1079 3629 1103 3665 ,
1144 3605 1312 3649 nunc
1352 3579 1492 3649 aliis
1520 3577 1918 3647 imminentis
1946 3633 1960 3657 ,
1997 3579 2310 3673 exponat?

235 3677 335 3751 Et
373 3675 519 3747 haec
559 3677 717 3751 mihi
757 3679 1055 3751 videbam
1097 3675 1372 3759 instare,
1406 3677 1450 3747 fi
1488 3679 1552 3745 in
1578 3677 1850 3771 parentis
1872 3675 2154 3773 vestigiis
2176 3675 2310 3743 ha:-

225 3799 495 3855 rerem:
541 3779 733 3853 vitam
771 3775 1294 3851 solicitudinibus
1330 3777 1530 3847 veluti
1570 3769 1824 3845 assiduis
1864 3773 2140 3847 sentibus
2162 3773 2316 3841 hor-

1243 3879 1304 3945 L
1358 3899 1408 3943 2
2170 3887 2320 3935 ren·
