2738 4475
463 184 568 275 66
972 192 1489 270 Eunaeum.
1540 186 2041 272 sax-rnre:

464 310 628 383 Erat
662 328 873 387 autem
893 311 1210 390 vasculum
1233 316 1269 388 ὲ
1290 318 1558 390 mortuis
1581 315 1863 392 formicis
1880 374 1902 402 ‚
1944 323 2010 389 &
2033 300 2508 403 iam-adstet&

464 433 605 480 rem
626 407 842 485 solutis
860 416 1143 511 plenum.
1170 416 1369 511 Qod
1389 443 1521 490 non
1540 418 1745 519 magis
1764 417 2103 505 admiratus
2124 409 2286 501 sum,
2304 438 2505 513 quam

465 496 728 583 effusam
759 514 827 611 in
865 509 1053 586 risum
1087 539 1272 601 eam,
1312 541 1452 615 quae
1490 516 1748 590 dederat
1768 541 1949 615 paene
1970 506 2261 587 oblivisci
2283 510 2512 585 mode-

469 600 605 682 stiae'
625 657 646 690 ‚
668 620 734 683 &
756 612 1103 710 complosis
1124 611 1410 687 manibus
1430 642 1561 709 non
1578 612 1773 690 semel
1792 636 2081 714 repetere
2098 664 2122 701 ,
2165 615 2293 686 Illic
2323 632 2381 684 te
2413 615 2504 682 le*

454 727 587 804 ges.
639 710 822 782 Tum
848 716 1141 784 Percanti
1176 708 1431 786 litteras
1455 716 1688 796 tradit,
1726 740 1985 816 quarum
2015 710 2337 806 ejusmodi
2366 725 2505 785 erat

463 810 858 905 exemplum.
913 807 1425 899 Neceffitudinis
1447 808 1678 889 mutuat
1697 814 1981 894 credidi,
2021 837 2104 883 ne
2139 832 2206 883 te
2225 806 2509 883 mirabili

462 909 704 977 nuncio
721 904 1069 982 fraudarem
1088 960 1110 993 ,
1146 914 1320 1015 quod
1339 911 1434 985 est
1454 910 1766 1007 ejusmodi
1786 962 1807 997 ‚
1826 935 1894 986 ut
1910 937 2041 984 non
2063 909 2178 983 nifi
2201 933 2349 982 mea
2364 906 2501 980 fide

465 998 588 1075 tibi
624 1007 935 1080 credibile
970 1007 1097 1082 effe
1131 1011 1344 1110 poffit.
1399 1014 1720 1087 Nondum
1738 1013 1991 1114 erepti&
2014 1005 2359 1107 conspefitu
2379 1032 2508 1079 no-

462 1094 594 1176 stro
614 1130 900 1180 amantes
919 1112 1138 1179 oculos
1157 1107 1468 1181 fallebaris
1485 1160 1505 1192 ‚
1524 1137 1674 1185 cum
1695 1116 1926 1212 ingens
1948 1110 2160 1209 stupor
2179 1133 2298 1179 nos
2324 1132 2511 1179 aver-

461 1205 545 1274 tit
580 1203 617 1275 a
656 1208 1208 1303 contemplatione
1229 1229 1358 1278 tam
1383 1210 1678 1302 jucunda.
1737 1212 2004 1311 Quippe
2021 1214 2363 1281 laceratum
2395 1229 2515 1305 ca·-⁴

464 1300 699 1386 daver,
739 1310 804 1378 δι
840 1307 904 1376 in
942 1306 1067 1378 hoc
1104 1309 1209 1376 vix
1244 1310 1380 1378 inte
1432 1336 1567 1383 rum
1586 1333 1655 1382 ut
1690 1306 1865 1383 fuisse
1899 1334 2132 1408 corpus
2162 1302 2512 1381 noscitare-

463 1428 652 1484 mus,
696 1401 914 1503 sparfis
952 1401 1073 1476 huc
1108 1406 1259 1478 illuc
1285 1336 1508 1503 'frufflis
1541 1407 1736 1501 semel
1770 1431 1962 1511 atque
1998 1412 2229 1481 iterum
2261 1404 2517 1497 lubrica¹

462 1499 736 1601 vestigia
766 1526 1081 1576 everterat
1103 1552 1124 1587 ,
1161 1532 1309 1603 cum
1331 1530 1664 1585 cruentum
1684 1507 1889 1582 solum
1910 1509 2271 1601 notavimus
2288 1550 2312 1587 v
2349 1529 2511 1603 qua·-

464 1628 591 1702 que
614 1600 954 1677 deficiebat
977 1601 1225 1705 sanguis
1241 1665 1264 1692 ,
1306 1606 1528 1681 omnia
1548 1612 1728 1683 velut
1749 1611 1998 1682 recenti
2012 1604 2315 1680 incendio
2333 1604 2473 1704 tegi
2488 1630 2511 1673 t

464 1701 717 1774 trabem
736 1705 932 1776 etiam
950 1753 972 1786 ,
989 1707 1171 1799 cujus
1192 1701 1511 1808 fastigium
1534 1707 1773 1784 curiose
1794 1710 2224 1781 acuminatum
2244 1705 2511 1777 detrun·-

466 1805 628 1897 catis
659 1802 690 1843 ‘¹
719 1808 921 1902 Hypo
971 1833 1075 1878 aeae
1101 1805 1403 1897 veneficae
1439 1811 1793 1882 cervicibus
1829 1809 2249 1906 premebatun
2303 1807 2512 1875 Frons

464 1902 898 1977 incultiffimis
964 1904 1117 1976 ulcis
1152 1907 1369 1976 minax
1400 1904 1571 1991 -nihil
1604 1905 1903 1979 omiserat
1927 1904 2008 1974 de
2044 1901 2317 1974 viventis
2349 1897 2508 1988 feri-

469 2023 605 2073 tate
624 2048 646 2082 ‚
689 2029 810 2073 nec
833 1999 1016 2074 facile
1034 2000 1282 2072 dixifles
1301 2050 1323 2083 ,
1349 2028 1427 2072 an
1450 2004 1590 2099 plus
1609 2001 2002 2073 truculentiae
2023 2000 2090 2069 in
2108 2000 2251 2072 viva
2264 1991 2506 2082 fuisset,

465 2124 658 2198 quam
697 2099 957 2168 honoris
991 2100 1058 2173 in
1079 2119 1347 2170 mortua.
1401 2103 1565 2171 Ideo
1604 2100 1870 2175 Veliam
1906 2121 2116 2170 meam
2134 2153 2156 2181 ,
2196 2091 2500 2167 fidelissi-

461 2221 639 2269 mam
658 2194 989 2267 mulierem
1010 2193 1087 2266 ad
1103 2215 1169 2267 te
1187 2197 1419 2283 mitto,
1456 2223 1597 2298 quae
1615 2219 1757 2270 oret
1772 2199 1925 2270 utin
1942 2190 2307 2295 speluncam
2329 2190 2514 2286 recli-⁴

463 2315 531 2366 tu
570 2316 886 2366 maturato
919 2293 1217 2368 divertam
1304 2297 1407 2369 lbi
1439 2296 1708 2369 consilio
1742 2320 1857 2369 tuo
1893 2305 1960 2370 &
1998 2293 2298 2367 industria
2334 2315 2499 2365 utar.

461 2394 659 2468 Soror
678 2418 818 2466 mea
836 2387 1297 2492 lepidissimum
1323 2422 1546 2469 munus
1568 2394 2009 2469 contubernali
2026 2418 2140 2465 tuo
2175 2390 2345 2465 misit
2362 2439 2387 2475 ,
2433 2400 2509 2465 δε

461 2489 735 2566 fortunae
757 2493 875 2565 suae
897 2495 1515 2572 conveniensvale,
1572 2499 1729 2569 Erat
1748 2519 1960 2567 autem
1978 2489 2319 2590 subscripta
2339 2493 2512 2591 Epi-

465 2581 628 2667 stola
645 2592 846 2665 tribus
868 2593 1096 2666 litteris
1117 2593 1287 2667 inter
1304 2593 1366 2666 se
1391 2619 1591 2693 prope
1610 2590 1905 2669 confusis.
1941 2607 1991 2665 1.
2019 2593 2090 2664 L.
2109 2604 2181 2665 A.
2206 2615 2329 2664 nec
2344 2588 2517 2666 aliud

457 2692 535 2765 in
557 2716 726 2772 cera,
744 2719 933 2790 quam
956 2714 1237 2767 monetae
1258 2693 1525 2792 publicae
1549 2691 1773 2767 forma.
2340 2783 2341 2786 Ἴ
2443 2763 2449 2768 .

568 2792 894 2863 Ρεῐῑεᾶειε
912 2794 1023 2862 ille
1047 2818 1193 2864 cum
1227 2791 1658 2867 ostentatione
1680 2791 1944 2865 affefitus
1965 2788 2211 2864 litteras
2247 2786 2412 2863 mihi
2442 2790 2513 2863 in

468 2915 696 2963 manus
715 2888 824 2962 dat
848 2940 869 2978 ,
910 2887 1242 2990 coepitque
1263 2892 1299 2963 a
1320 2895 1587 2965 muliere
1617 2917 1897 2994 quaerere
1913 2889 2274 2963 communis
2295 2886 2516 2959 domi-

467 3014 572 3062 nae
608 3015 875 3062 nomen.
946 2998 1041 3063 At
1061 2991 1168 3061 illa
1188 2990 1522 3065 hominem
1544 2988 2018 3092 elegantissime
2037 2985 2201 3068 rifit,
2228 2993 2292 3060 δι
2315 3031 2337 3067 ,
2357 2986 2510 3061 Ne-

470 3075 627 3174 scis,
670 3092 919 3190 inquit,
968 3115 1207 3163 caecum
1245 3088 1372 3163 effe
1406 3094 1471 3163 in
1520 3089 1620 3162 bis
1654 3090 2019 3192 regionibus
2057 3084 2513 3184 Cupidinem?

466 3188 772 3261 Restitue
790 3189 1180 3287 imprudenti
1199 3190 1720 3263 oculos-docebis
1740 3192 1853 3262 alis
1870 3189 1984 3270 uti,
2005 3196 2069 3262 δι
2095 3181 2510 3286 profugiendi

466 3285 859 3359 libertatem.
913 3289 1100 3381 Quid
1117 3291 1389 3364 amicam
1410 3291 1667 3387 optimo
1687 3289 1919 3388 gaudio
1932 3286 2162 3385 spolias
2186 3343 2204 3369 ‚
2242 3289 2313 3355 &
2336 3282 2509 3385 quod

470 3382 566 3456 est
598 3386 669 3457 in
702 3389 1034 3486 voluptate
1059 3386 1465 3490 potissimum
1482 3437 1507 3474 ‚
1545 3390 1806 3459 noestem
1829 3408 2018 3487 atque
2038 3381 2273 3459 furtum
2290 3385 2511 3485 ingra-

725 3527 730 3532 -
2266 3481 2506 3558 tissima

544 3652 570 3688 r
607 3641 827 3708 Hypogaeae
838 3633 1350 3710 veaeficaeqoescriprio
1362 3656 1465 3691 non
1526 3639 1763 3702 habitare.
1794 3639 1849 3695 Bt
1878 3633 2057 3696 ibidem
2089 3636 2171 3694 sua
2191 3637 2415 3711 prestigia
2439 3635 2508 3690 fa·

474 3707 717 3758 incondita
747 3706 859 3768 sagax
889 3726 988 3777 quoe
1022 3713 1276 3778 appelletur
1303 3716 1463 3775 Hypo-
1522 3725 1642 3766 «τε.
1981 3727 1990 3738 ’

474 3791 596 3869 gea,
609 3777 737 3847 quod
752 3773 834 3829 sub
847 3791 989 3836 terra,
1017 3783 1068 3831 δε
1083 3781 1134 3832 in
1147 3780 1296 3874 antris
1311 3774 1461 3830 solent
2326 3857 2358 3896 ι
2391 3844 2493 3891 cm
