2738 4475
830 275 882 344 P
988 293 1033 343 Α
1134 294 1190 344 R
1287 295 1318 342 s
1421 277 1613 350 IVs
2093 295 2229 379 509

204 395 757 493 'contemplatione
775 395 1133 467 animorum
1156 442 1178 476 ‚
1217 391 1374 486 justa
1393 396 1681 491 quaedam
1703 381 2042 464 virtutibus
2062 403 2124 469 δι
2146 403 2245 469 vi-

206 498 311 567 tiis
335 519 579 567 merces
623 493 905 566 accedit:
959 493 1108 568 Nili
1132 495 1305 564 enim
1325 494 1567 565 curiose
1586 497 1650 565 in
1672 493 1810 570 haec
1826 495 2110 567 ‘Naturae
2137 521 2251 591 pe-

205 597 468 668 netralia
484 590 866 691 spetaemus,
884 590 1049 693 saepe
1068 590 1131 665 se
1149 591 1580 665 turbulentum
1603 596 1933 691 ingenium
1959 618 2076 691 pro
2095 590 2250 665 forti

204 715 393 794 atque
416 697 569 767 laeto
593 693 932 766 ostentabit
958 723 977 767 z
1036 693 1247 765 tardus
1272 694 1544 778 animus,
1564 715 1663 764 aut
1682 696 1890 765 inanis
1915 740 1937 775 ,
1957 691 2249 765 debitum

202 816 466 868 maturae
489 795 784 893 gravitati
807 815 910 864 aut
927 794 1312 891 eloquentiae
1335 789 1460 864 suae
1482 796 1764 890 precium
1783 793 2109 865 inveniet:
2152 794 2250 863 vi-

204 893 541 992 ciffimque
561 892 798 987 jacebit
817 894 1152 993 incognita
1172 891 1396 972 virtus,
1408 916 1596 990 quam
1618 890 1778 989 saepe
1802 893 2005 990 prima
2032 889 2247 965 fronte

260 992 504 1065 uaedam
528 990 822 1065 vitiorum
842 994 1107 1091 opinio,
1129 1012 1231 1064 aut
1251 992 1471 1092 imago
1488 1038 1510 1074 ‚
1531 988 1690 1063 iufra
1711 989 1858 1084 justi
1875 992 2124 1065 decoris
2154 989 2249 1064 fa-

207 1019 469 1192 Rigium
501 1094 756 1190 premit.

306 1190 434 1265 Sed
453 1192 783 1291 ingenium
807 1239 831 1275 ‚
850 1211 918 1263 ut
936 1193 1277 1290 plurimum
1295 1193 1506 1265 multo
1522 1187 1756 1262 recessu
1776 1189 2088 1274 abditum,
2116 1218 2252 1264 non

203 1290 428 1391 utique
465 1290 677 1390 potest
719 1290 850 1363 fine
875 1294 1086 1392 longae
1110 1290 1461 1388 prudentiae
1482 1288 2254 1386 sedulitatedeprehendi.

201 1390 503 1488 Ideoque
538 1393 648 1489 qui
670 1417 747 1462 ex
769 1392 991 1489 primis
1017 1391 1270 1470 indiciis
1293 1390 1374 1461 de
1393 1389 1728 1462 hominum
1750 1390 2034 1462 moribus
2055 1418 2126 1464 ac
2145 1393 2254 1463 in-

202 1490 360 1563 doie
377 1490 660 1582 judicare
679 1515 814 1560 non
834 1510 1129 1561 verentur
1150 1535 1175 1572 ‚
1224 1487 1337 1586 ipfi
1372 1488 1434 1559 se
1465 1489 1531 1559 in
1566 1488 1968 1589 longiffimos
2008 1517 2255 1565 errores

205 1592 570 1687 plerunque
588 1587 969 1684 impediunt.
1024 1592 1229 1661 Certe
1245 1589 1398 1662 utin
1414 1587 1787 1688 gladiatoria
1805 1613 1939 1663 arte
1960 1591 2120 1664 nihil
2138 1614 2258 1691 pe-

211 1689 405 1759 riculi
425 1684 674 1782 plenius
693 1732 714 1766 ‚
749 1711 935 1784 quam
977 1684 1020 1757 fi
1056 1712 1203 1784 cum
1240 1686 1509 1761 homine
1524 1743 1543 1772 ,
1581 1689 1681 1758 cui
1696 1693 1862 1764 torvi
1884 1693 2053 1763 oculi
2071 1716 2256 1763 exer·

215 1808 368 1858 rant
382 1836 405 1872 ‚
433 1784 869 1858 dimicandum
890 1786 962 1859 fit
985 1815 1004 1857 z
1065 1787 1241 1887 (quia
1261 1813 1393 1887 quo
1409 1788 1609 1875 ictum
1628 1786 1927 1872 destinet,
1950 1789 2163 1862 deflex
2174 1792 2258 1872 is,

211 1906 291 1956 ut
311 1884 584 1969 videtur,
614 1886 679 1956 in
700 1887 1082 1959 contrariam
1105 1910 1353 1986 partem
1372 1886 1747 1973 luminibus,
1763 1892 1868 1961 vix
1891 1891 2126 1984 conjici
2148 1915 2263 1987 po-

205 1983 400 2066 telh)
456 1989 558 2054 Ita
576 1985 864 2056 cumillis
883 1987 1133 2058 aeturus
1155 2041 1174 2070 ,
1213 1986 1321 2085 qui
1339 1984 1514 2060 suurn
1534 1988 1867 2086 ingenium
1888 2034 1911 2071 ‚
1964 1991 2069 2060 vel
2101 2010 2263 2074 arte,

207 2088 326 2159 vel
344 2084 633 2181 corporis
657 2082 981 2156 beneficio
995 2081 1247 2183 prorsus
1263 2082 1654 2159 diffimulant
1674 2132 1698 2168 ‚
1736 2087 1928 2160 debet
1953 2091 2144 2187 longa
2165 2085 2262 2160 se-

210 2207 502 2284 veraque
537 2181 1000 2283 disceptatione
1032 2185 1069 2256 ἒι
1109 2181 1328 2283 seipse
1348 2182 1503 2284 quid
1524 2185 1606 2257 de
1625 2186 1751 2258 illis
1769 2184 2169 2261 sentiendum
2192 2186 2268 2262 fit

207 2288 482 2386 exigere
501 2311 524 2368 ·,
577 2309 683 2370 ne,
703 2284 745 2355 fi
761 2308 874 2356 eos
899 2286 1124 2385 iniquo
1149 2283 1447 2383 suffragio
1465 2343 1485 2369 ‚
1521 2306 1626 2358 aut
1664 2285 2019 2360 inconsulte
2041 2290 2263 2388 propi-

209 2389 324 2460 tio
348 2442 369 2471 ,
402 2382 677 2477 aestimet
697 2431 720 2467 ,
759 2386 954 2457 etiam
971 2385 1266 2457 omnium
1287 2385 1525 2482 primus
1541 2383 1662 2458 fixae
1679 2383 2007 2461 sententiar
2028 2411 2264 2486 poenas

214 2488 382 2560 luat.
439 2484 696 2554 Frontis
718 2486 1031 2582 praecipue
1047 2485 1270 2586 imago
1286 2483 1450 2583 saepe
1468 2486 1838 2582 inexpertos
1852 2485 2135 2581 decepit.
2298 2506 2303 2517 ·

339 2591 557 2678 Qam
578 2583 812 2654 multos
830 2584 991 2655 truci
1007 2586 1185 2657 vultu
1203 2631 1226 2667 ,
1264 2582 1531 2684 ipsoque
1549 2581 1890 2682 supercilio
1906 2581 2259 2665 timendos,

220 2682 703 2755 humanitatem
721 2681 938 2754 credas
956 2682 1210 2782 abigere
1227 2731 1250 2767 ,
1289 2706 1452 2782 quo‘s
1497 2681 1542 2754 fi
1564 2684 1826 2782 propius
1855 2679 2030 2753 adire
2052 2683 2269 2753 conti-

229 2781 449 2883 gerit,
481 2780 611 2870 jam
648 2804 726 2851 ex
766 2782 966 2877 prima
987 2783 1296 2882 colloquii
1318 2784 1583 2856 lenitate
1602 2784 1881 2882 placatus
1900 2779 2274 2856 humaniffi-

223 2890 388 2959 mos
407 2874 530 2951 effe
551 2904 683 2951 non
704 2880 1001 2972 dubites?
1044 2870 1232 2953 Alios
1255 2880 1399 2981 ipso
1420 2885 1703 2982 corporis
1725 2905 1929 2964 motu,
1951 2882 2272 2956 mensura-

217 3006 360 3081 que
386 2977 657 3077 suspenfi
699 2977 987 3081 vestigii,
1029 2980 1174 3053 sein
1194 2981 1546 3080 superbiam
1566 3008 1962 3081 componere
1985 2983 2265 3082 putabis,

223 3083 347 3180 qui
383 3079 459 3152 ad
493 3083 670 3152 illam
704 3081 974 3153 tumoris
1014 3078 1296 3179 speciem
1318 3139 1336 3166 ‚
1390 3085 1491 3153 vel
1514 3106 1726 3154 natura
1747 3130 1768 3163 ‚
1810 3087 1913 3154 vel
1931 3084 2270 3155 innocenti

231 3177 691 3251 consuetudine
712 3177 861 3251 faffl
880 3237 901 3266 ‚
941 3182 1106 3253 mite
1142 3204 1215 3251 ac
1254 3176 1441 3272 facile
1462 3183 1795 3280 ingenium
1814 3183 1878 3250 in
1898 3204 2129 3250 omnes
2151 3179 2274 3251 hu-

221 3279 567 3350 wanitatis
585 3280 762 3377 leges
783 3277 892 3349 sub
911 3278 1028 3350 hac
1047 3282 1217 3351 larva
1235 3279 1568 3353 instituunt
1591 3279 1621 3351 ?
1657 3283 1892 3377 Neque
1932 3281 1998 3349 in
2020 3303 2268 3354 contra-

237 3378 407 3448 rium
425 3375 646 3447 desunt
669 3424 690 3457 ‚
713 3381 777 3448 in
798 3377 1023 3474 quibus
1044 3426 1065 3460 ,
1092 3399 1321 3478 praeter
1342 3404 1570 3478 corpus
1588 3380 1656 3450 in
1676 3376 2119 3451 simulachrum
2143 3382 2274 3453 vir„

229 3476 395 3547 tutis
411 3473 723 3559 effictum,
747 3477 905 3547 nihil
921 3478 1091 3573 quod
1112 3502 1282 3550 ames
1302 3479 1585 3549 invenias
1609 3504 1630 3560 3
1686 3480 1879 3549 Nunc
1916 3482 2145 3577 quietae
2176 3484 2274 3554 le·-

213 3576 462 3649 .nitatis
484 3571 806 3670 specimen
828 3621 850 3655 ‚
870 3599 1060 3671 quam
1082 3579 1257 3648 vultu
1273 3576 1580 3649 exhibent
1602 3625 1624 3659 ‚
1664 3574 2009 3650 tristiffima
2026 3581 2277 3655 iracun-

234 3670 343 3745 dia
382 3696 800 3770 corrumpunt
823 3705 847 3765 3
896 3698 1062 3753 nunc
1083 3676 1311 3747 vividis
1332 3678 1535 3747 oculis
1561 3678 1765 3774 impar
1787 3678 2113 3776 ingenium
2135 3678 2275 3752 sub-

223 3774 368 3849 est:
427 3775 709 3875 denique
731 3823 756 3859 ,
798 3773 972 3875 velut
1017 3774 1250 3848 insidiis
1270 3824 1290 3856 ‚
1340 3774 1660 3850 interdum
1697 3777 1848 3854 vitia
1880 3778 2275 3853 collocantur

1458 3876 1467 3882 ’
1737 3874 1744 3879 ’
2157 3876 2283 3949 sub-
