2738 4475
901 210 956 276 Ρ
1061 228 1110 274 Α
1202 223 1267 274 11
1373 225 1406 274 s
1529 204 1676 275 VI.
2159 201 2304 291 673'

252 340 381 381 eum
410 315 774 399 supellectili,
816 317 1332 396 &magnificentia,
1365 321 1422 376 δι
1449 316 1573 373 aliis
1593 353 1611 377 ‚
1648 310 1851 392 quibus
1882 309 2184 372 hominum
2213 310 2286 369 li-

253 400 381 457 bido
392 402 633 477 pretium
651 395 797 454 facit.
846 395 944 452 His
969 396 1149 453 ebrios
1180 402 1236 457 &
1265 414 1363 470 per
1377 395 1626 453 triduum
1643 389 2009 448 debacchatos
2026 390 2280 467 volupta-

247 477 395 535 tibus‘
412 484 715 538 Montanus
728 473 835 531 loci
852 474 999 532 illius
1017 477 1199 532 Deum
1218 473 1272 530 se
1289 472 1520 551 fingens,
1537 469 1800 528 monebat
1816 469 1969 527 hunc
1984 469 2278 544 voluptatis

242 555 434 630 locum
453 557 539 614 his
554 556 675 612 unis
696 552 799 609 effe
813 552 1140 611 adornatum
1160 593 1176 617 ‚
1206 553 1306 630 qui
1337 550 1587 629 neglecta
1618 550 1727 608 vita
1754 549 2029 608 mandatis
2055 547 2274 605 obtem·

243 649 496 712 perarent
512 631 619 691 suis
630 669 648 692 ‚
677 637 732 692 &
745 628 953 689 aversos
969 629 999 690 a
1013 632 1411 689 Mahumetana
1423 632 1542 708 lege
1552 627 1620 686 de
1631 628 1755 687 albo
1774 625 2094 685 mortalium
2114 623 2276 684 tolle·

236 725 382 770 rent.
438 713 591 768 Tum
624 711 754 769 vino
786 715 842 770 δι
860 707 1051 786 sopore
1069 711 1273 767 iterum
1289 706 1531 786 sepultos
1547 706 1689 766 foras
1700 706 1992 765 emittebat
2008 703 2075 762 ad
2092 701 2278 769 scelus,
2349 737 2352 742 -

238 796 296 851 δι
312 808 484 847 neces.
527 788 701 847 Soluti
718 787 918 846 somno
934 826 951 848 .
986 791 1042 848 Bt
1074 788 1196 847 loca
1207 786 1406 846 referta
1419 786 1628 845 deliciis
1643 826 1661 853 ,
1691 785 1790 843 ubi
1817 785 1877 842 in
1909 782 2280 859 voluptatibus

234 869 411 926 carnis
423 866 927 929 debacchabatur-‚in
939 869 1192 925 animum
1211 878 1552 930 revocantes,
1566 883 1634 922 ex
1650 865 1749 923 illo
1764 863 1834 922 ad
1850 883 2046 922 omnes
2064 863 2275 919 Princi-

236 948 326 1023 pis
340 961 504 1005 nutus
516 948 684 1004 etiam
741 964 799 1002 er
815 945 960 1003 nefas
974 985 992 1011 ,
1034 951 1089 1006 &
1119 964 1252 1003 cum
1270 947 1399 1003 vitae
1413 943 1731 1002 discrimine
1742 940 1849 1000 sese
1863 940 2281 1020 comparabant.

236 1026 411 1083 vitam
446 1023 664 1082 tandem
722 1042 848 1082 uam
864 1023 1132 1102 sperantes
1146 1025 1206 1081 in
1224 1021 1795 1102 longejucundiorem
1813 1021 2106 1101 aliquando
2121 1038 2282 1077 com·

235 1104 578 1161 mutandam.
638 1104 777 1181 Qae
807 1122 892 1160 res
922 1121 1036 1160 non
1070 1099 1326 1161 finitimis
1353 1100 1534 1160 solum
1561 1141 1578 1166 ,
1605 1118 1796 1158 verum
1831 1107 1887 1163 δι
1900 1097 2280 1158 remotissimis

236 1181 587 1260 Principibus
603 1199 716 1238 non
737 1180 1077 1238 mediocrem
1094 1180 1347 1239 afferebat
1363 1196 1604 1238 metum.
1664 1179 1930 1237 Cecidere
1956 1180 2108 1237 enim
2127 1175 2279 1254 gras-

233 1259 477 1317 satorum
526 1277 698 1317 manu
731 1259 1029 1318 Tolosanus
1068 1262 1277 1317 Comes
1307 1258 1675 1336 Raymondus
1688 1298 1704 1322 ,
1745 1260 1800 1315 &
1833 1261 2042 1317 Montis
2073 1256 2279 1315 Ferrati

235 1338 497 1416 Princeps
515 1340 819 1396 Conradus.
879 1337 1194 1396 Homicidae
1225 1336 1547 1415 apprehensi
1569 1377 1584 1402 ‚
1613 1340 1668 1397 δε
1699 1335 1763 1393 ad
1781 1333 2114 1414 supplicium
2131 1333 2275 1411 rapti

234 1416 536 1493 plaudere,
561 1416 839 1481 exultare,
870 1416 1082 1493 sibique
1111 1435 1181 1473 ex
1209 1415 1307 1472 suo
1337 1415 1580 1474 facinore
1610 1433 1670 1473 ac
1685 1414 1752 1471 de
1768 1413 1859 1472 sua
1871 1413 2276 1490 exspectatione

233 1494 515 1570 gratulari.
556 1496 757 1570 Neque
773 1495 951 1568 impar
969 1493 1255 1551 Ludovico
1273 1496 1419 1573 Regi
1435 1493 1806 1552 moliebantur
1819 1495 2136 1559 exitium,&
2151 1490 2281 1548 her·

237 1571 326 1628 cle
348 1573 663 1650 Agarenum
683 1571 1136 1630 clementissimus
1149 1575 1274 1631 Rex
1292 1592 1618 1631 mucronem
1638 1571 1948 1630 declinasset
1964 1586 2279 1646 nunquam.

240 1650 343 1708 nisi
360 1648 451 1708 sua
467 1650 669 1708 virtute
684 1689 701 1714 ,
726 1662 891 1726 atque
905 1651 1042 1708 adeo
1056 1649 1149 1710 sua
1182 1651 1510 1716 clementia.
1546 1655 1603 1711 δε
1631 1653 1832 1727 pietate
1859 1650 2282 1725 conjuratorum

239 1725 484 1808 fregiss‘et
499 1727 770 1806 malitiam
791 1750 804 1786 ε
847 1730 945 1807 qui
964 1729 1281 1807 apprehensi
1298 1748 1413 1788 non
1434 1730 1645 1788 meritis
1660 1730 1913 1788 maletuti
1932 1728 2057 1788 sunt
2073 1724 2282 1802 suppli-

239 1804 341 1863 ciis
358 1848 374 1872 ,
396 1805 484 1864 sed
498 1805 629 1863 cum
649 1806 805 1864 donis
817 1805 847 1865 a
863 1807 1288 1866 clementissimo
1303 1810 1459 1886 Rege
1477 1807 1701 1866 dimissi.

320 1882 716 1944 Rosetusnovo
735 1886 840 1943 hoc
856 1890 911 1946 &
925 1885 1184 1965 singulari
1199 1902 1552 1966 argumento,
1567 1902 1832 1964 tanquam
1849 1904 2013 1944 aurea
2027 1878 2279 1942 Herculis

241 1976 432 2021 catena
476 1962 589 2022 fine
630 1963 845 2023 fastidio
876 1961 1188 2041 suspensum
1224 1981 1473 2025 tenuerat
1499 1964 1802 2024 conseffum
1818 2004 1834 2029 ,
1877 1983 2011 2022 cum
2042 1960 2284 2020 Macrini

174 2087 179 2090 .
241 2041 507 2100 omnibus
533 2039 892 2102 defaecatioris
904 2046 1114 2123 ingenii
1133 2048 1187 2103 δε
1205 2045 1534 2103 eruditionis
1549 2046 1695 2103 notis
1709 2043 1938 2122 insignis
1950 2045 2010 2101 in
2027 2051 2282 2100 mentem

239 2121 395 2177 venit
411 2160 427 2184 ‚
459 2122 597 2179 dum
621 2118 785 2179 fiebat
801 2124 1017 2181 mentio
1034 2123 1264 2182 Paradisi
1283 2124 1578 2201 voluptatis
1592 2164 1609 2188 ,
1642 2140 1911 2181 novarum
1929 2135 2200 2179 terrarum
2220 2116 2284 2176 in

241 2198 571 2271 orbelun2e3
615 2201 733 2277 Ego
752 2213 946 2267 terras,
977 2202 1194 2280 inquit,
1226 2221 1257 2260 e
1298 2220 1333 2258 o
1351 2217 1603 2264 montes,
1623 2199 1922 2281 egoipsum
1948 2195 2173 2258 Paradisi
2194 2195 2283 2253 tui

239 2277 423 2338 fitam.
442 2280 522 2337 mi
542 2276 760 2344 Restm,
774 2279 949 2338 libero
969 2283 1171 2340 mentis
1188 2299 1257 2339 vo
1280 2279 1484 2347 atmstd
1501 2279 1613 2338 fine
1626 2279 1947 2339 discrimine
1963 2274 2284 2336 Phaethon·

236 2358 309 2413 tis
323 2394 340 2416 .
359 2358 446 2414 vel
465 2359 600 2414 Icari
612 2356 890 2432 superabo.
919 2360 1120 2435 Neque
1137 2359 1446 2426 inficiabor,
1465 2360 1639 2417 multa
1655 2358 1857 2418 suntin
1874 2374 2081 2416 naturae
2098 2355 2283 2428 maje-

237 2435 372 2492 state
385 2433 566 2491 abdita
584 2473 600 2498 ,
627 2453 750 2511 quae
762 2436 893 2510 quia
906 2436 1095 2492 oculos
1122 2440 1329 2513 nostros
1355 2437 1583 2514 fugiunt
1605 2464 1621 2504 3
1663 2439 1943 2513 stuporem
1973 2439 2028 2492 ὃ(
2054 2433 2280 2491 dubita-

235 2512 452 2571 tionem
471 2513 531 2570 in
550 2512 835 2570 mentibus
853 2513 1047 2569 nostris
1063 2528 1264 2571 creant.
2159 2578 2164 2583 ,

317 2592 600 2647 Omnium
617 2588 721 2647 risu
739 2589 1085 2648 exsufflatum
1103 2592 1179 2649 est
1195 2590 1303 2648 hoc
1315 2589 1646 2668 praeludium
1668 2629 1684 2654 ,
1714 2588 1804 2648 sed
1821 2589 2044 2647 interim
2064 2585 2284 2664 pulsata:

235 2667 383 2726 fores
398 2666 643 2725 fabulam
661 2666 998 2744 abrumpunt
1014 2711 1032 2734 ,
1064 2670 1311 2727 maxime
1341 2669 1480 2726 dum
1513 2669 1701 2744 prodit
1730 2671 1788 2727 in
1822 2665 2287 2743 conspectumju-

239 2747 393 2804 venis
412 2761 567 2805 aetate
583 2745 784 2805 florens
799 2764 867 2803 ex
884 2745 1115 2805 illorum
1130 2762 1282 2805 coetu
1298 2767 1438 2826 quos
1458 2765 1665 2806 nomen
1681 2749 1803 2805 Deo
1821 2746 2100 2812 dediffe,&
2115 2747 2286 2808 ficta-

237 2837 498 2901 mentum
535 2823 732 2882 dixiss‘e
762 2824 1023 2902 religioni
1055 2826 1250 2903 procul
1280 2828 1348 2883 ab
1377 2824 1680 2885 hominum
1711 2826 1959 2885 tumultu
2006 2827 2153 2887 fama
2182 2829 2277 2886 est.

236 2903 514 2984 Equidem
534 2904 718 2981 prima
736 2902 923 2962 fronte
939 2903 1196 2981 obstupui
1214 2941 1230 2964 .
1267 2910 1321 2965 δε
1351 2922 1483 2962 cum
1515 2903 1623 2964 risu
1653 2905 1932 2964 exsufflavi
1965 2909 2020 2966 &
2050 2926 2185 2965 voce
2212 2905 2282 2969 ad

235 2984 420 3044 fauces
438 2982 680 3040 haerente
696 3022 714 3047 ,
748 2982 866 3041 haec
884 2983 1026 3059 apud
1048 3001 1143 3040 me
1162 3022 1179 3047 ,
1211 2981 1506 3042 hominem
1527 2985 1898 3063 elegantulum
1916 2985 2078 3043 tacite
2093 2988 2281 3044 incre·

234 3081 399 3140 pans:
443 3063 578 3120 Non
603 3062 774 3136 pudet
800 3059 1013 3119 fitcrum
1046 3061 1373 3119 numinibus
1406 3065 1588 3120 virum
1628 3065 1847 3121 intortis
1878 3064 2122 3121 crinibus
2159 3083 2280 3122 ma·

238 3138 442 3218 gnifice
457 3140 745 3198 incedere?
787 3143 876 3198 An
894 3141 1083 3197 deceat
1096 3138 1315 3198 intonso
1331 3159 1395 3198 ca
1436 3140 1536 3198 illo
1554 3180 1570 3205 ,
1586 3142 1738 3218 quod
1756 3141 2060 3218 palaestricis
2075 3140 2284 3217 Olym·

240 3218 373 3295 picis
387 3216 524 3276 olim
539 3216 919 3282 intematum,
936 3220 994 3276 in
1013 3235 1293 3277 certamen
1310 3221 1378 3276 de
1403 3219 1631 3276 cendere
1649 3223 1668 3274 ?
1710 3218 1959 3277 Advertit
1976 3222 2277 3287 Macrinus,

116 3312 134 3324 ‘
245 3294 339 3355 cui
355 3292 627 3372 sanguinis
641 3298 1052 3373 propinquitate
1068 3299 1165 3355 iste
1184 3299 1515 3371 conjuntfitus
1529 3312 1675 3361 erat,
1718 3316 1810 3354 me
1840 3296 2004 3374 hujus
2034 3298 2285 3357 hominis

248 3372 503 3432 habitum
525 3374 754 3430 moleste
771 3373 911 3431 ferre
932 3402 948 3444 3
990 3375 1155 3433 &ille
1210 3375 1396 3432 uidem
1413 3376 1480 3432 ad
1495 3395 1587 3433 me
1603 3373 1892 3433 conversus
1910 3416 1925 3441 ,
1956 3379 2037 3435 mi
2057 3377 2287 3434 Aletho·

252 3448 617 3587 Ξίὶᾗίτὶὲεηὲὲξῃ
599 3453 816 3586 ἣὲιὲζτὶ
820 3452 909 3585 gel
927 3450 1178 3589 exqimd}
1187 3472 1306 3510 cere
1323 3473 1341 3515 ,-
1385 3454 1480 3587 ilste
1495 3473 1649 3589 rugus
1662 3454 2020 3591 gfceffffriuss’.
2040 3456 2288 3591 dupdab·

254 3607 396 3667 feras
424 3625 568 3685 aegre
598 3545 936 3668 homfiienlil.t
954 3550 1151 3685 quiugx
1165 3547 1469 3669 {texilillitallcll
1487 3552 2108 3689 qinaglilevleaeellgifllirsaest
2126 3552 2290 3687 spitii}
2373 3638 2380 3643 .

255 3685 489 3743 horrens
505 3723 521 3744 .
556 3685 759 3764 quibus
793 3686 1122 3762 extirpandis
1141 3688 1325 3747 coloni
1343 3688 1695 3747 strenuissimi
1712 3691 1952 3770 impigra
1969 3713 2135 3751 manu
2154 3710 2295 3766 opus

257 3764 352 3825 est.
393 3766 538 3831 11:20,
554 3764 947 3844 inquam.talia
959 3766 1183 3846 ingenia
1199 3766 1516 3908 &amiseris
1532 3765 1744 3829 facilius
1758 3788 1926 3853 quam
1941 3769 2305 3913 τονοὲἳνέἑίἷὲ
