2738 4475
503 230 667 324 '308
1005 227 1529 310 Eu-rnonml
1576 209 2077 340 Sat-rator

513 351 938 424 innocentem
970 359 1039 426 δι
1057 378 1435 453 peccantem
1450 357 1617 428 intra
1632 354 1821 428 verba
1838 349 2245 424 dulcedinem
2263 345 2571 442 iocandi,¹

511 470 620 521 aut
654 451 851 523 etiam
883 450 966 522 de
998 449 1255 554 fastigio
1290 481 1501 528 rerum
1542 464 1608 530 δι
1630 474 1772 526 tota
1793 449 2146 527 Orchestra
2163 447 2561 549 disputandi.

517 552 704 622 Nam
741 550 883 648 quis
903 551 1041 624 dies
1064 556 1304 627 Galliae
1323 556 1530 626 illuxit
1546 556 1658 653 qui
1671 552 1986 651 evulgatis
2002 572 2105 621 aut
2121 547 2184 619 se
2202 549 2377 620 inter
2392 575 2569 622 con-

506 644 667 721 scias
703 648 998 722 tenebras
1033 655 1493 750 prementibus*
1508 653 1692 725 iibris
1708 673 1951 722 novum
1970 647 2342 746 scriptorem
2360 673 2475 746 per
2492 675 2562 720 a·

509 749 682 820 liena
712 749 981 823 ludibria
1013 777 1093 823 co
1101 754 1471 826 mmendare
1482 752 1795 824 noluerit?
1812 753 2054 821 Taceo
2067 746 2244 847 quod
2260 747 2581 820 illiberali·

509 847 781 947 ingenio
810 858 880 925 &
912 847 1077 949 soepe
1092 876 1227 922 uon
1245 845 1594 924 artificioso
1613 848 1896 923 facinore
1913 865 2149 946 magna
2164 852 2232 920 &
2252 846 2422 919 casta
2441 873 2571 920 no·-

508 949 690 1024 mina
703 947 858 1021 ditis
882 956 950 1023 δι
970 950 1326 1024 crudelibus
1343 951 1671 1023 contumel
1679 950 1756 1022 iis
1772 942 2172 1026 infestant,in
2188 946 2418 1046 quibus
2432 949 2573 1048 ple·
2636 999 2639 1004 -

509 1073 781 1148 rumque
810 1047 944 1122 sola
974 1053 1299 1123 temeritas
1342 1053 1557 1149 placet
1575 1054 1677 1124 vel
1695 1046 2053 1124 mentiendi
2072 1044 2332 1119 audacia
2347 1101 2369 1134 ‚
2412 1072 2565 1122 cum

509 1146 732 1222 statim
755 1150 1062 1221 moritura
1080 1153 1230 1220 novi
1238 1171 1395 1223 tate.
1438 1177 1443 1182 ·
1510 1199 1515 1206 ·
1536 1197 1541 1210 =
1731 1195 1746 1222 ε

610 1246 743 1318 Sed
761 1273 885 1318 nos
902 1249 1169 1346 quidem
1192 1251 1335 1347 plus
1352 1277 1543 1350 quam
1563 1250 1929 1326 Herostrati
1942 1274 2183 1323 nomen
2206 1249 2290 1323 de
2304 1274 2569 1323 memo-

506 1344 602 1420 ria
612 1346 944 1428 tollamus,
965 1346 1711 1448 caeterosque·ltumanius
1732 1350 2090 1433 saevientes,
2117 1350 2157 1422 fi
2175 1351 2388 1448 placet
2404 1398 2428 1434 ,
2449 1346 2575 1420 sal-

451 1471 456 1476 ·
507 1466 651 1519 tem
671 1445 749 1518 ad
769 1447 1311 1547 cognitionem&
1331 1452 1647 1546 judicium
1665 1450 2102 1524 admittamus.
2119 1452 2218 1524 Ex
2237 1449 2317 1519 iis
2333 1447 2565 1547 aliqui,

403 1607 409 1613 .
505 1546 733 1642 jamin
745 1571 963 1643 partes
979 1546 1458 1642 discedentibus
1474 1550 1692 1640 sactis,
1708 1551 1945 1649 mystas
1964 1543 2240 1622 adversa:
2261 1543 2569 1620 {afflonis

508 1640 824 1747 permisso
858 1650 928 1720 δε
949 1653 1150 1728 veluti
1166 1648 1470 1751 religioso
1487 1649 1685 1736 odio,
1714 1647 1881 1721 fallis
1904 1648 2068 1748 saepe
2085 1646 2192 1722 sed
2211 1646 2376 1748 apud
2395 1643 2574 1716 suam

507 1745 779 1848 plebem
815 1747 1078 1821 creditis
1097 1747 1480 1821 facinoribus
1494 1755 1604 1820 aut
1626 1747 1909 1819 ludibriis
1930 1748 2305 1844 objurgant.
2351 1746 2489 1817 Alii
2506 1745 2582 1815 in

514 1868 821 1920 externos
857 1847 1113 1921 obverfi
1147 1849 1467 1943 Principis
1485 1847 1572 1916 sui
1596 1847 1869 1940 imperio
1887 1847 2016 1912 late
2036 1845 2346 1914 viciniam
2367 1841 2585 1915 desti·

516 1969 678 2018 nant
695 1992 719 2028 ‚
738 1954 807 2018 δι
826 1946 994 2018 iuter
1018 1945 1232 2020 Musas
1247 1942 1385 2014 suas
1399 1944 1742 2013 debellant.
1799 1941 1902 2008 Illi
1920 1939 2321 2034 exprobratis
2342 1940 2588 2010 homi-

513 2069 673 2115 num
695 2063 798 2111 aut
816 2045 1148 2138 regionum
1171 2035 1603 2109 incommodis
1622 2058 1771 2106 toto
1788 2033 2006 2131 spiritu
2026 2035 2355 2105 licentiam
2380 2032 2581 2108 suam

510 2136 813 2234 fatigant·
829 2137 1118 2226 Qidam
1138 2129 1515 2208 felicitatem
1530 2134 1917 2205 ulciscuntur
1930 2146 2111 2233 ,'quae
2130 2131 2447 2231 indignos
2467 2154 2597 2204 at-

508 2236 730 2319 tonia
751 2235 1002 2307 multos·
1015 2232 1623 2335 quoque-muliebris
1642 2230 1854 2318 fastus,
1876 2254 1981 2305 aut
2001 2232 2403 2331 iuwpotentia
2423 2280 2448 2317 ,
2488 2232 2587 2307 de

507 2330 618 2408 sua
665 2325 840 2405 sorte
872 2336 1242 2407 exeuntium
1278 2382 1304 2419 ‚
1358 2335 1438 2407 ad
1460 2332 1790 2407 scribendi
1827 2332 2208 2405 violentiam
2243 2330 2584 2404 accendit.

511 2432 740 2509 Etiam
753 2433 933 2504 lenta
950 2434 1190 2528 iudicia
1204 2458 1234 2523 ’,-
1247 2436 1619 2532 emptaeque
1634 2434 1879 2503 curules
1890 2480 1914 2515 ,
1927 2440 1994 2507 &
2017 2428 2230 2504 forum
2253 2430 2587 2531 praedoni-

516 2529 636 2603 bus
655 2531 947 2629 plenum,
964 2534 1183 2605 irritos
1202 2530 1706 2632 &supervacuos
1725 2529 2116 2602 accusatores
2138 2533 2412 2604 invenit.
2430 2534 2579 2603 Iam

521 2656 712 2732 nugae
732 2638 802 2706 ὃς
822 2631 986 2704 caffa
999 2635 1248 2707 vanitas
1274 2633 1697 2705 incolentium
1716 2633 2098 2721 aulam‚·iam
2118 2633 2392 2730 perjuria
2407 2631 2587 2701 ami-

516 2730 745 2802 citiam
762 2732 1143 2826 polluenda,
1158 2734 1289 2831 jam
1305 2732 1523 2804 omnis
1540 2731 1837 2802 conditio
1858 2739 1925 2804 δε
1945 2726 2110 2828 saepe
2128 2731 2394 2801 virtutes
2411 2728 2593 2799 cita-

516 2847 605 2900 tae
622 2827 765 2899 suut
779 2830 1181 2904 literatorum
1195 2830 1412 2904 studio
1434 2830 1512 2904 ad
1534 2833 1756 2931 populi
1775 2826 2087 2928 famaeque
2102 2826 2590 2900 tribunal.Mihi

520 2948 742 3019 autem
776 2927 948 3003 inter
967 2930 1091 3004 hos
1108 2955 1284 3003 acres
1302 2932 1582 3028 impetus
1601 2987 1623 3016 ,
1663 2940 1730 3005 &
1749 2930 2071 3002 interdum
2090 2926 2355 2999 illustres
2376 2979 2397 3011 ,
2442 2927 2596 3014 illi,

521 3028 873 3126 plurimum
892 3028 1219 3109 aberrante
1235 3028 1568 3128 prudentia
1587 3079 1610 3111 ‚
1644 3027 1940 3101 videntur
1956 3029 2023 3099 in
2042 3027 2354 3125 ineptiam
2370 3049 2587 3126 quam

521 3130 594 3202 in
608 3129 747 3200 aliis
767 3124 1075 3231 castigant
1093 3128 1522 3227 incidiffe‚qui
1536 3129 1715 3229 gravi
1734 3138 1802 3202 &
1826 3127 1903 3200 ad
1922 3125 2267 3221 majestatis
2285 3118 2587 3226 speciem

515 3248 779 3300 tornata
792 3223 1113 3327 sapientiae
1128 3232 1297 3305 larva
1312 3228 1664 3307 ambulant,
1680 3227 1746 3300 id
1764 3230 1881 3309 est,
1901 3229 2010 3327 qui
2026 3225 2375 3326 plurimum
2391 3222 2592 3321 sape·-

522 3347 595 3395 re
610 3329 862 3409 volunt,
880 3325 1066 3402 fizbiti
1085 3351 1292 3428 patres
1311 3353 1433 3400 nec
1454 3328 1494 3400 a
1510 3326 1872 3399 censoribus
1892 3326 2240 3414 recitati3&
2266 3326 2348 3398 de
2365 3326 2590 3423 magi·-

520 3420 816 3496 stratibus
834 3451 1201 3525 queruntur;
1219 3451 1483 3527 remque
1498 3425 1808 3500 summam
1827 3452 1961 3498 non
1979 3428 2219 3527 rogatis
2241 3421 2583 3497 sententiis

521 3522 850 3595 evolvunt„
878 3531 1076 3600 Nunc
1097 3525 1339 3600 suarum
1356 3527 1631 3624 partium
1653 3524 1819 3599 sacra
1839 3528 2038 3601 veluti
2053 3526 2135 3598 de
2152 3521 2408 3623 fastigio
2428 3523 2581 3593 aliis

519 3618 845 3697 inacceffae
867 3623 1186 3724 sapientiae
1201 3626 1532 3698 excutiunt
1554 3651 1573 3696 ε
1610 3651 1775 3698 nunc
1795 3627 2019 3725 populi
2042 3625 2232 3709 mala,
2251 3632 2320 3698 δι
2337 3625 2582 3693 incon-

513 3714 693 3791 sulta·
708 3718 980 3798 sortunae
997 3750 1262 3832 nmpera
1273 3721 1436 3829 nihil
1459 3720 1798 3829 profutura
1818 3726 2160 3835 iracundie
2178 3717 2579 3799 ostentatio-

2006 3842 2009 3845 ·
2234 3846 2249 3863 ·
2465 3844 2562 3894 ne
