2738 4475
413 143 562 221 '108
929 145 2019 219 Euruonm.sa·rvnxer

409 267 736 340 cissimum
759 288 947 362 caput
968 267 1128 340 mifi.
1182 267 1309 342 Sed
1330 268 1561 342 incidit
1579 268 1737 366 lapis
1769 267 1838 335 in
1856 262 2188 345 articulum
2223 257 2457 337 bovis»

402 369 519 465 qui
554 392 697 438 cum
729 363 884 444 tibia
904 366 1549 466 superiorem'partem
1566 366 1906 437 tenacitate
1925 364 2105 435 nervi
2127 362 2322 461 ligat3
2360 367 2434 431 δε

406 467 647 539 animal
687 464 868 536 oestri
901 461 1251 566 suspicione
1283 492 1532 540 motum
1561 465 1943 563 emulgentis
1977 464 2200 561 pectus
2218 456 2440 530 excus-

404 562 655 637 fissimo
674 566 848 634 calce
872 566 1152 663 pertudit
1167 614 1188 649 ,
1210 592 1279 638 ac
1299 593 1414 665 per
1431 588 1632 638 totam
1650 565 1869 635 urbem
1889 562 2161 655 disjecta
2180 559 2451 637 cervice,

410 663 733 748 decurrit3
785 661 948 735 ficut
998 671 1171 739 1lum
1213 669 1529 739 credimus
1569 664 1832 736 admoto
1859 664 2140 764 junonis
2179 658 2442 730 stimulo

406 786 545 834 non
564 762 881 861 reliquisse
903 766 972 835 in
999 765 1159 837 orbe
1199 789 1451 862 partem
1468 810 1493 848 ,
1528 789 1718 864 quam
1739 758 1962 833 furiosa
1979 759 2471 859 praecipitatioe‘
2530 762 2537 769 ’

405 883 489 933 ne
543 885 676 931 non
723 860 946 936 adiret.
996 864 1423 962 Recipiebam
1463 889 1573 937 me
1606 858 2024 935 timidissimis
2059 856 2342 958 passibus
2375 857 2446 927 in

405 960 784 1044 interiorem
816 960 1083 1036 domum
1102 1009 1123 1042 ‚
1155 988 1301 1035 cum
1317 961 1451 1058 ipsa
1466 960 1712 1034 familia
1726 961 1991 1055 jacentis
2010 957 2295 1030 hominis
2313 954 2448 1026 cla-

407 1083 661 1135 morem
681 1061 935 1132 exaudit
955 1117 984 1145 ,
1020 1058 1452 1158 concursuque
1471 1062 1725 1134 viciniae
1744 1058 1921 1133 facto
1932 1074 2088 1131 'nnus
2107 1057 2295 1130 alium
2315 1100 2336 1133 ‚
2369 1072 2442 1123 ut

405 1156 670 1256 quisque
708 1158 1062 1255 postremus
1099 1159 1486 1246 advenerat,
1522 1159 1604 1232 de
1636 1158 1945 1233 facinoris·
1973 1161 2228 1230 auctore
2248 1174 2441 1249 roga-

410 1256 588 1331 bant.
631 1259 910 1356 Jamque
940 1258 1240 1331 omnibus
1275 1260 1341 1330 in
1376 1284 1519 1333 eam
1558 1281 1849 1333 mentem
1883 1256 2115 1341 verfis,
2152 1276 2221 1326 ut
2257 1274 2444 1325 mero

411 1352 552 1429 casu
586 1353 1023 1431 lascivientem
1061 1383 1325 1431 vaccam
1361 1360 1690 1433 crederent
1723 1360 1969 1431 calcem
2000 1359 2070 1432 in
2107 1353 2447 1427 dominum

409 1453 695 1548 rejeciss‘e
713 1503 736 1538 ‚
757 1455 1175 1558 nequissimus
1197 1482 1352 1559 puer
1366 1505 1389 1542 ‚
1412 1463 1523 1560 qui
1542 1485 1646 1533 me
1663 1456 1827 1533 forte
1842 1476 2175 1530 notaverat
2190 1477 2336 1524 cum
2360 1445 2456 1519 sa-'

408 1581 562 1628 xum
595 1558 963 1630 emitterem
987 1576 1011 1643 ·,
1045 1561 1423 1658 Peregrinus
1443 1610 1468 1643 ‚
1488 1560 1754 1659 inquit,
1789 1559 1900 1658 qui
1916 1557 1993 1628 ad
2012 1557 2220 1627 lilium
2237 1546 2463 1647 hospi-

407 1675 600 1741 tatur,
620 1654 1011 1730 mansuetum
1033 1661 1267 1732 animal
1287 1656 1511 1731 emisso
1524 1659 1673 1732 saxo
1693 1658 2065 1732 concitavit.
2113 1659 2295 1728 Tum
2310 1674 2463 1720 om-

405 1779 520 1838 nes
539 1756 786 1854 impetu
806 1755 983 1830 facto
999 1761 1247 1851 mejam
1266 1760 1332 1829 in
1352 1774 1629 1831 mortem
1645 1759 1963 1829 intentum
1982 1754 2315 1849 diripiunt.
2365 1748 2460 1820 Et

405 1880 763 1954 quanquam
803 1857 1056 1953 puerilis
1093 1856 1501 1927 imbecillitas
1541 1854 1914 1925 testimonio
1933 1850 2132 1921 fidem
2150 1845 2455 1923 tollebat,

400 1973 622 2024 tamen
659 1955 821 2048 apud
842 1954 1138 2024 barbaros
1159 1955 1318 2023 tanti
1333 1972 1469 2021 erat
1485 1971 1817 2021 externum
1837 1947 2170 2018 hominem
2193 1940 2455 2012 laceffe-

400 2072 510 2137 re,
549 2072 617 2118 ut
654 2051 850 2120 etiam
890 2052 1238 2129 timerent,
1276 2042 2108 2141 neinnocentia.susciperet
2125 2036 2454 2112 defentio-

399 2170 550 2218 nem
575 2170 805 2237 meam.
861 2149 1013 2219 Nec
1030 2146 1137 2218 diu
1158 2149 1428 2218 luctatus
1449 2170 1592 2217 cum
1613 2141 1954 2216 furentium
1974 2140 2237 2215 vocibus
2255 2190 2278 2226 ,
2300 2139 2452 2241 quia

399 2244 917 2342 proponebantur
949 2266 1267 2318 tormenta
1286 2295 1311 2331 ‚
1356 2248 1421 2318 id
1443 2242 1680 2318 facinus
1703 2292 1725 2327 ‚
1769 2268 2169 2345 nequaquam
2189 2263 2259 2311 ut
2279 2241 2453 2311 arbi-

398 2345 605 2415 trabar
644 2343 1071 2441 inexpiabile,
1101 2342 1414 2417 confessus
1452 2343 1628 2417 sum:
1667 2368 1834 2416 ratus
1853 2342 2015 2413 nihil
2035 2339 2307 2413 severius
2330 2339 2451 2411 de-

399 2467 685 2516 creturos
724 2444 791 2514 in
826 2444 1092 2516 vulnere
1121 2445 1308 2516 bovis
1329 2492 1350 2525 ‚
1405 2449 1426 2476 ⁸
1446 2468 1639 2543 quam
1671 2444 1844 2541 quod
1868 2444 1937 2513 in
1967 2439 2447 2539 Cycnicaedem

400 2544 734 2618 Britannia
750 2539 950 2616 servat
973 2568 998 2631 3
1017 2544 1121 2615 ubi
1139 2547 1429 2642 expiatur
1447 2568 1686 2615 nocens
1706 2564 1889 2615 tanto
1905 2535 2211 2612 frumenti
2229 2559 2454 2611 ¹cumu-

365 2645 469 2722 ,lo
496 2689 519 2724 ‚
554 2664 798 2742 quanto
837 2640 1178 2740 appensam
1219 2669 1409 2716 avem
1446 2643 1703 2714 condat.
1762 2648 1854 2713 At
1896 2640 1995 2711 illi
2014 2640 2268 2737 propria
2286 2661 2449 2711 voce

403 2741 808 2821 damnatum,
841 2743 1149 2839 quoniam
1186 2743 1265 2813 ad
1305 2742 1597 2841 supplicii
1627 2738 2193 2839 spectaculumlux
2230 2737 2452 2829 jamin

399 2840 680 2920 tenebris
728 2863 1000 2938 vergens
1016 2863 1152 2913 erat
1169 2842 1495 2940 angustior
1510 2883 1533 2919 ,
1565 2842 1631 2912 in
1649 2862 1962 2911 carcerem
1979 2832 2113 2933 ipsa
2129 2858 2314 2906 cruce
2332 2835 2453 2905 dea-

397 2941 704 3014 teriorem
738 2960 1026 3014 mittunt.
1083 2939 1235 3013 Ubi
1249 2964 1471 3012 tamen
1488 2939 1696 3012 somni
1716 2937 2046 3012 neceffitas
2062 2935 2453 3102 Βηνίεεὶῗω

2242 3059 2310 3104 m
2374 3056 2457 3103 o-

477 3256 502 3290 τ
537 3247 634 3291 lum
657 3241 866 3294 credimus
891 3243 1058 3294 adeunto
1089 3242 1286 3310 Jnnmfe
1307 3241 1399 3308 ste·-
1522 3257 1552 3295 ι
1589 3240 1862 3316 Quamque!
1884 3240 2081 3307 incyon‘
2098 3236 2258 3291 eadm
2272 3244 2451 3291 Brisa·-

401 3312 533 3367 mnle,
545 3309 676 3372 ew]
711 3312 896 3362 Dicitur
913 3318 969 3362 10
983 3311 1079 3362 filia
1098 3310 1396 3378 InachiaJo-
1456 3313 1531 3358 nia
1543 3312 1737 3376 firmq
1771 3313 1921 3372 Cuius
1950 3305 2123 3359 scilicet
2153 3323 2318 3360 necem
2347 3321 2450 3359 ram
2474 3345 2485 3352 ·

403 3390 462 3426 ve
489 3375 733 3434 adamata,
751 3379 803 3428 δι
820 3380 869 3428 in
883 3385 1070 3433 vaccam
1086 3378 1395 3430 transforma·
1456 3394 1573 3445 agre
1587 3380 1731 3429 tulere
1744 3379 1955 3428 Britanni
1971 3391 2149 3429 veteres
2165 3409 2187 3437 ,
2210 3393 2269 3430 m
2281 3377 2455 3445 expiari

403 3453 453 3491 ta
470 3461 485 3492 ε
517 3441 838 3511 ΓοάΞῙιιοοιιε
851 3449 1101 3514 zelotypa,
1132 3446 1278 3497 oestro
1293 3464 1411 3514 pera
1455 3459 1641 3497 tantum
1668 3444 1818 3515 poss‘et
1844 3461 2020 3496 nocens
2052 3459 2190 3496 tanto
2223 3445 2455 3497 frumenti

404 3507 526 3560 cussa
557 3511 617 3561 ab
647 3506 808 3564 eadem
841 3520 939 3565 Dea
972 3516 1021 3565 in
1041 3521 1290 3582 AEgyprum
1315 3513 1395 3567 fu·
1454 3517 1645 3565 cumulo
1662 3549 1679 3574 ,
1698 3529 1875 3584 quanto
1891 3519 2081 3581 cycnus
2095 3514 2193 3565 avis
2206 3511 2352 3582 poss‘er
2366 3529 2457 3580 ap·

400 3575 545 3695 aisse,
570 3579 651 3631 ubi
669 3581 923 3648 implorato
935 3584 1069 3649 Jovis
1099 3584 1271 3635 auxilio
1299 3585 1395 3651 pri·
1455 3582 1627 3648 pendi,
1662 3586 1715 3637 δε
1745 3583 1933 3655 pond&
1966 3584 2093 3637 illins
2123 3595 2358 3653 quanm
2381 3577 2460 3636 es-

443 3648 572 3698 inam
599 3646 806 3702 formam
822 3652 1106 3720 temptavit
1129 3686 1147 3714 n
1182 3653 1395 3724 chique
1458 3648 1547 3706 seta
2420 3693 2431 3698 ι

387 3713 571 3772 ostrida
588 3716 762 3789 nupiit.
2384 3783 2455 3835 «Ὦ

2281 3800 2309 3836 1
2343 3788 2392 3832 St
