2738 4475
481 249 622 327 5¹0
941 216 2045 295 Eunaeum-surium

470 350 585 425 snb
603 371 824 423 earum
839 343 1147 421 virtutum
1163 346 1291 420 levi
1311 344 1569 416 brafiea
1589 343 1625 412 εὶ
1647 342 1876 444 quibus
1897 347 2288 447 poriffimum
2309 349 2540 426 diver-

470 473 650 526 tunt·

575 553 743 625 Haec
778 566 992 618 autem
1011 565 1148 616 tarn
1168 541 1476 616 immensa
1496 567 1567 614 ac
1590 545 1894 641 perplexa
1910 548 2267 622 animorum
2283 552 2525 650 cogni-

472 654 574 726 tio
590 672 719 721 non
742 644 955 745 potest
980 644 1316 742 praeceptis
1337 640 1592 715 definiri
1609 693 1632 729 ,
1652 649 1862 743 neq'ue
1879 649 2075 720 aliter
2092 652 2304 749 quati,
2321 676 2519 748 quarn

470 745 788 846 ejusmodi
807 743 1094 841 hominis
1115 743 1322 843 longo
1340 741 1446 814 usu
1462 800 1483 830 ‚
1508 744 1620 841 qui
1636 763 1771 816 tam
1791 742 1892 817 sua
1911 748 2262 847 prudentia
2278 806 2299 836 ,
2329 775 2515 849 quam

470 845 793 924 erroribus
813 845 879 915 in
899 843 1015 916 ista
1032 863 1167 914 arte
1185 846 1613 940 promoverit.

571 945 743 1018 Illud
774 969 929 1017 vero
947 940 1303 1014 cavendum
1324 940 1419 1013 est
1437 997 1456 1024 ,
1497 966 1580 1014 ne
1596 966 1677 1014 ex
1697 968 1822 1014 una
1838 944 2076 1018 virtute
2094 991 2118 1026 ‚
2157 947 2430 1032 vitiove,
2450 947 2532 1022 de

469 1046 692 1121 indole
707 1065 898 1144 atque
916 1043 1138 1114 animo
1157 1038 1451 1113 universe
1471 1039 1861 1114 sententiam
1881 1040 2062 1115 feras.
2121 1048 2331 1117 Multi
2349 1049 2531 1121 enim

470 1147 636 1220 adeo
673 1141 845 1215 felici
881 1144 957 1213 ad
977 1139 1453 1237 disciplinarum
1476 1142 1750 1241 aliquam
1769 1144 2173 1239 ingenionati
2190 1140 2378 1224 sunt,
2416 1168 2519 1230 ut,

520 1244 748 1342 uandiu
765 1244 831 1314 in
847 1244 956 1314 illa
979 1237 1298 1312 versantur
1318 1288 1341 1322 ‚
1397 1243 1571 1312 nulla
1608 1239 1944 1338 prudentia.-
1963 1262 2153 1336 atque
2172 1241 2517 1317 industrie

469 1276 653 1445 pigna
691 1341 937 1416 desint:
989 1345 1064 1412 ln
1085 1339 1333 1413 caeteris
1357 1362 1572 1413 autem
1586 1338 1975 1437 rebusinepti
1993 1338 2336 1439 insulfique
2352 1399 2377 1426 ,
2420 1367 2515 1416 ne

468 1446 662 1519 bonae
680 1442 942 1543 quidem
964 1443 1201 1513 mentis
1219 1438 1492 1540 vestigia
1507 1465 1775 1539 unquam
1789 1438 2080 1536 prodant.
2147 1442 2321 1511 Aliis
2357 1436 2515 1513 suus

466 1546 771 1619 duntaxat
792 1569 886 1616 nae
894 1566 1002 1615 vus
1020 1541 1110 1611 ita
1130 1537 1382 1612 additur
1400 1593 1424 1628 ,
1461 1544 1618 1613 utin
1637 1540 1878 1638 reliqua
1894 1540 2025 1612 vita
2038 1536 2511 1636 [apientiffimi.

471 1648 545 1719 in
579 1668 704 1717 una
738 1665 952 1714 tamen
994 1661 1174 1738 parte
1200 1662 1305 1712 aut
1325 1639 1536 1713 studio
1554 1639 1893 1716 videantur
1911 1639 2195 1712 delirate.
2259 1643 2523 1715 Necex

470 1743 604 1844 ipsa
622 1743 884 1843 quidem
903 1737 1212 1811 consortii
1234 1788 1258 1825 ‚
1280 1748 1343 1814 δι
1368 1741 1709 1815 convietus
1732 1737 2038 1812 suavitate
2055 1761 2164 1812 aut
2178 1743 2525 1841 elegantia,

474 1842 865 1944 deingenio,
890 1861 996 1912 aut
1017 1836 1320 1938 sapientia
1338 1840 1776 1934 judicandum.
1833 1848 2019 1938 Saepe
2035 1842 2212 1913 enim
2229 1842 2294 1911 in
2308 1843 2524 1939 quoti-

446 1940 674 2018 ffianae
718 1943 867 2015 vitae
902 1937 1358 2014 consuetudine
1381 1942 1592 2012 minus
1618 1937 1961 2013 offendunt
1980 1940 2263 2040 angustae
2282 1940 2519 2012 indolis

474 2043 778 2130 homines
795 2100 816 2128 ‚
852 2068 1045 2138 quam
1082 2066 1243 2139 quos
1264 2040 1648 2140 magnitudo
1670 2041 2230 2114 Naturaelaetioris
2247 2041 2471 2114 laxavit
2492 2068 2520 2113 t

461 2147 669 2216 ‘Dum
710 2140 776 2212 bi
811 2139 1054 2212 scilicet
1073 2140 1185 2213 fibi
1205 2137 1394 2215 diffifi
1417 2139 1641 2213 timide
1661 2139 2015 2213 custodiam
2037 2138 2132 2212 sui
2149 2164 2386 2242 agunt,
2420 2141 2524 2213 vel

480 2263 722 2315 aeterno
743 2239 952 2313 studio
974 2240 1094 2312 hos
1113 2239 1407 2339 publicos
1444 2264 1650 2315 mores
1690 2256 1960 2338 (nempe
1997 2242 2085 2313 ad
2121 2246 2368 2337 majora
2393 2265 2524 2314 non

469 2340 722 2434 idonei)
748 2337 1198 2417 conse&antur
1219 2368 1238 2411 t
1278 2342 1377 2413 illi
1397 2363 1605 2415 autem
1627 2341 1949 2439 capaciori
1967 2343 2246 2444 ingenio
2265 2365 2368 2415 aut
2388 2341 2522 2415 baec

476 2441 766 2543 vulgaria
784 2442 995 2515 minus
1017 2463 1242 2522 curant
1260 2490 1285 2526 ,
1321 2464 1433 2514 aut
1465 2442 1816 2515 admittunt
1831 2444 2037 2517 etiam
2060 2445 2214 2516 vitia
2227 2468 2358 2515 non
2370 2465 2520 2514 raro

481 2543 795 2619 virtutem
816 2540 1132 2641 stipantia.
1177 2580 1185 2589 ·
2526 2580 2533 2585 ·

583 2644 713 2718 Sed
731 2669 850 2716 nec
872 2643 1019 2715 satis
1033 2641 1129 2716 est
1149 2642 1267 2715 hos
1287 2645 1560 2717 Naturae
1579 2642 1861 2742 impetus
1878 2644 2195 2746 vestigare
2209 2694 2234 2730 ,
2270 2642 2523 2715 animoa

480 2743 843 2816 mortalium
867 2747 933 2812 in
952 2738 1203 2814 diversa
1221 2741 1618 2817 destinantis.
1710 2743 1947 2817 Adhuc
1976 2743 2213 2841 aliquid
2251 2745 2414 2814 ultr-a
2427 2742 2528 2816 est

481 2862 614 2935 quo
634 2839 887 2937 ingenia
912 2838 1326 2935 perficiantur
1343 2892 1367 2927 ,
1405 2864 1513 2915 aut
1533 2862 1896 2918 mutentur:
1945 2843 2237 2915 nimirum
2255 2840 2394 2911 sors
2412 2841 2514 2911 vi-

480 2937 699 3020 vendi,
719 2935 1047 3038 squalorve
1068 2985 1090 3021 ,
1129 2942 1228 3012 vel
1249 2943 1533 3042 dignitas
1553 2991 1578 3024 ‚
1613 2945 1681 3016 in
1704 2969 1889 3043 quam
1909 2939 2040 3014 casu
2057 2960 2158 3011 ant
2178 2940 2410 3010 virtute
2428 2962 2504 3008 u·

475 3035 857 3140 nusquisque
877 3041 1189 3139 pervenit.
1282 3048 1474 3133 Qot
1506 3045 1686 3116 enim
1724 3042 1797 3115 ad
1830 3040 2143 3141 ingenium
2160 3038 2413 3109 retium
2428 3059 2517 3108 ac

482 3141 648 3213 mite
667 3137 871 3242 geniti
891 3187 913 3223 ,
951 3141 1113 3214 vitio
1133 3142 1350 3214 nimiae
1376 3140 1702 3217 felicitatis
1724 3141 1830 3243 ipsi
1848 3139 2013 3213 suam
2029 3137 2324 3211 indolem
2344 3137 2525 3211 affii-

483 3265 710 3314 xerunt
731 3241 762 3313 i·
798 3247 985 3339 Qot
1005 3244 1322 3317 mentium
1345 3245 1492 3315 laeta
1516 3240 1887 3324 sublimitas,
1904 3239 2062 3326 &sn
2077 3235 2335 3313 fortuna
2354 3235 2530 3311 line·

484 3361 586 3413 ret
605 3391 630 3427 ,
670 3342 736 3411 in
771 3342 1141 3438 exemplum
1163 3344 1376 3414 omnis
1401 3342 1652 3413 virtutis
1674 3338 2010 3416 sufffflura
2024 3389 2048 3422 ‚
2089 3342 2194 3414 ubi
2214 3337 2533 3441 pertinaci

486 3438 808 3535 egestate,
846 3462 951 3512 aut
970 3437 1239 3514 fortunae
1258 3443 1597 3540 iniquitate
1620 3446 1969 3538 premitur,
2005 3439 2127 3523 suae
2150 3439 2529 3539 prestantia:

478 3537 683 3610 oblita
713 3540 914 3613 etiam
955 3541 1023 3612 in
1042 3543 1394 3615 contrarios
1416 3540 1681 3614 affectus
1709 3542 2105 3641 degenerat?
2146 3548 2166 3579 ¹
2185 3538 2530 3613 Athenion

2282 3637 2538 3710 tamdm

547 3754 573 3791 1
606 3739 845 3793 Athen-'on
866 3739 1020 3793 tandin
1045 3760 1176 3792 mores
1189 3739 1249 3790 ad
1258 3740 1464 3809 publicum
1522 3753 1602 3790 tot
1618 3771 1636 3798 ‚
1649 3743 1781 3803 cuius
1798 3754 1928 3792 nuta
1940 3739 2035 3791 fuit
2049 3705 2180 3792 ivello
2194 3737 2529 3794 uirhtidatioe

471 3807 697 3876 Μυῖα
737 3811 968 3876 exmplm
1004 3826 1240 3876 componens
1271 3841 1291 3866 ‚
1328 3812 1461 3873 eya]
1524 3809 1772 3859 crudelitas
1788 3843 1805 3868 ,
1837 3809 1896 3859 dc
1909 3824 2008 3876 quo
2027 3808 2193 3861 ahod.
2206 3806 2342 3860 libro
2356 3821 2430 3858 τι.
2443 3818 2525 3853 α·

475 3882 598 3935 Nam
626 3875 720 3944 ipse
746 3875 828 3927 ille
851 3872 918 3924 est
945 3875 1244 3935 Athenienfis
1261 3880 1462 3942 impera·
1527 3878 1629 3945 pite
1655 3893 1673 3929 r
1690 3893 1737 3934 1.
2326 3871 2533 3930 affl·-
