2738 4475
485 248 628 321 ¹¹4
947 227 1454 302 Euenonm.
1503 225 2003 301 Sam-irruet

478 369 597 416 nus
619 349 685 418 in
706 369 958 420 crucem
977 346 1231 420 efferret
1247 395 1269 428 ,
1318 366 1464 422 cum
1502 350 1768 452 agnovit
1788 344 2086 421 confusos
2101 347 2353 420 tristitia
2375 348 2515 423 vul·

476 460 579 515 tus
597 492 620 527 ‚
657 455 720 520 δι
766 448 962 519 veluti
996 448 1345 545 improviso
1361 452 1498 521 telo
1516 446 1832 523 confoffus
1849 451 2273 541 exclamavit3
2326 452 2506 549 Ergo

479 542 696 617 sceleri
718 568 829 616 tuo
847 569 1095 620 tantum
1114 544 1358 620 fortuna
1381 552 1665 648 pepercit
1685 593 1707 629 ‚
1741 572 1897 649 ergo
1916 571 2050 620 tam
2070 552 2383 646 propitios
2400 552 2505 619 in-

475 647 652 717 venit
689 645 955 742 perfidia
989 649 1209 733 divos,
1247 670 1314 719 ut
1334 652 1493 720 meis
1515 648 1973 738 subtrahere-tur
1993 648 2283 719 manibus
2307 646 2507 720 scele-
2572 660 2588 671 ‘

476 742 809 814 stiffimum
854 769 1081 844 caput,
1136 772 1256 819 nec
1279 749 1315 818 a
1356 766 1424 819 te
1455 747 1786 821 foediffimi
1820 769 2238 841 contemptus
2272 772 2502 844 poenas

474 842 870 938 reposcerem
888 892 909 926 ‚
952 869 1083 918 tam
1104 847 1330 946 grandi
1352 850 1579 941 injuria
1601 849 2025 944 provocatus?
2069 848 2268 919 Nunc
2301 849 2499 917 etiam

469 936 845 1015 sceleratum
868 947 1296 1045 mancipium,
1340 943 1573 1019 fastidii
1595 946 1927 1019 insolentia
1943 947 2121 1016 durat
2137 993 2163 1028 ‚
2200 951 2264 1016 δι
2287 942 2513 1017 servile

469 1039 802 1138 ingenium
825 1071 907 1116 ne
926 1044 1256 1117 beneficiis
1322 1047 1539 1117 uidem
1562 1058 1624 1119 δε
1651 1049 1839 1118 donis
1855 1042 2230 1123 trafiabile?
2257 1042 2507 1117 Obstu-

470 1164 733 1236 puerant
769 1168 994 1214 omnes
1033 1072 1771 1242 adinexsspetfflt'iffimos
1788 1146 2078 1245 questus:
2116 1166 2390 1239 cumque
2412 1140 2507 1211 fa-

467 1239 645 1308 cinus
668 1245 706 1314 ὲ
727 1267 833 1313 me
855 1242 1256 1314 comm-iffum
1276 1260 1631 1343 quaererent
1650 1288 1672 1326 ‚
1714 1264 1785 1315 ac
1808 1248 1907 1316 vel
1925 1246 2094 1315 inani
2116 1241 2364 1313 lascivia
2381 1237 2513 1310 ser-

466 1338 594 1411 vile
612 1337 954 1435 profudisse
969 1345 1286 1439 peculium
1303 1404 1321 1431 ,
1345 1348 1448 1416 vel
1468 1347 1772 1429 libertum
1784 1342 2247 1443 procurationis
2266 1339 2513 1411 tabulas

465 1434 785 1511 malitiose
822 1439 1161 1540 corrupiffe
1195 1446 1545 1517 clamarent
1573 1473 1593 1529 3
1627 1462 1755 1546 ego
1784 1445 2047 1517 interim
2076 1439 2336 1513 Ιὶἂοῐεε
2355 1462 2509 1510 ora·

464 1534 617 1609 bam
639 1588 664 1624 ,
703 1561 772 1610 ut
805 1566 909 1613 me
948 1559 1187 1616 matura
1218 1560 1430 1617 morte
1448 1544 1861 1618 subducerent
1876 1564 1978 1616 tot
1997 1541 2272 1620 εαΐὼιιε,
2306 1536 2509 1610 veluti

463 1658 578 1735 per
611 1638 890 1713 diversos
922 1645 1140 1714 alveos
1176 1638 1629 1718 inundantibus
1668 1642 2092 1717 miserrimum
2113 1660 2320 1739 caput.
2374 1635 2505 1711 Sed

462 1734 788 1810 mansueta
819 1742 1182 1842 benignitas
1216 1747 1406 1817 timet
1441 1749 1510 1818 in
1527 1745 1805 1817 barbaris
1827 1736 2505 1840 petftoribusinvenirit

462 1852 698 1937 tneque
717 1842 792 1913 ad
812 1846 1104 1940 laqueum
1123 1840 1417 1916 festinare
1432 1846 1732 1916 dicebant
1749 1890 1770 1924 ‚
1792 1844 2098 1938 quoniam
2117 1837 2388 1909 eluenda
2408 1837 2509 1906 vi-

462 1936 694 2009 debam
719 1941 994 2011 flammis
1013 1944 1275 2012 crimina
1301 1986 1325 2021 ,
1358 1943 1584 2037 quibus
1606 1965 1711 2010 me
1727 1936 2033 2006 onerabat
2050 1934 2351 2005 advec‘ffls
2374 1933 2501 2001 mi·-

458 2036 643 2103 rabili
668 2038 929 2106 deorum
953 2037 1214 2106 consilio
1229 2035 1485 2133 hospes.
1542 2040 1701 2111 Non
1723 2029 1857 2104 sum
1882 2033 2121 2126 primus
2140 2074 2162 2110 ‚
2210 2030 2309 2098 cui
2331 2024 2516 2097 salu-⁴

453 2132 537 2200 tis
558 2135 887 2204 exordium
899 2128 1141 2203 saevitia
1160 2133 1538 2204 calamitatis
1556 2134 1789 2204 attulit.
1843 2134 2023 2204 Nam
2041 2124 2495 2199 altercantibus

454 2229 750 2299 universis
773 2274 794 2308 ‚
811 2229 961 2300 dum
984 2255 1087 2302 me
1106 2233 1213 2301 alii
1232 2230 1494 2304 censent
1514 2232 1589 2303 ad
1607 2248 1930 2302 tormenta
1946 2223 2319 2299 servandum
2335 2272 2357 2306 ,
2379 2224 2493 2298 alii

449 2326 610 2399 datae
631 2330 1066 2429 integritatem
1085 2325 1414 2406 sententiae
1437 2334 1613 2403 nullo
1631 2347 1941 2430 praetextu
1959 2326 2497 2430 libandam,peus

454 2427 715 2499 interim
749 2431 974 2529 genius
992 2430 1360 2503 Gallionem
1383 2434 1597 2503 attulit
1617 2478 1638 2510 ,
1675 2433 1784 2531 qui
1807 2426 2123 2528 praemiss'o
2142 2426 2219 2497 ad
2249 2426 2499 2496 tumul-

455 2544 744 2599 tuantem
767 2549 1013 2599 coetum
1031 2534 1343 2603 Percante
1360 2573 1384 2611 ‚
1430 2530 1767 2630 postquam
1786 2530 2054 2629 periculi
2075 2529 2203 2598 mei
2222 2523 2500 2625 gravita-

455 2643 593 2698 tem
632 2627 831 2699 audiit
854 2673 875 2707 ‚
916 2627 1141 2700 dolore
1175 2654 1247 2700 ac
1284 2631 1611 2714 iracundia
1649 2628 1869 2716 ferox,
1920 2622 2188 2700 admiffo
2229 2648 2400 2724 equo
2426 2624 2497 2694 in

456 2727 738 2798 mediam
776 2726 1021 2797 turbam
1062 2728 1355 2801 invefius
1391 2728 1506 2802 est.
1563 2733 1651 2803 Et
1670 2733 1977 2831 quoniam
1994 2730 2386 2809 vileserant,
2428 2730 2497 2795 δι

451 2825 719 2906 inculti,
755 2825 1081 2925 cogitabat
1118 2824 1331 2903 severe
1362 2851 1590 2929 agere,
1627 2855 1699 2902 ac
1737 2828 2012 2901 orationi
2047 2825 2496 2898 auctoritatem

457 2941 573 3025 pet
607 2925 929 2997 audaciam
974 2920 1207 2998 facere.
1281 2931 1407 3002 Sed
1443 2950 1741 3021 reputato
1771 2928 2128 3004 dedecore,
2161 2921 2205 2993 fi
2244 2921 2493 2991 exitum

456 3047 724 3097 conatus
744 3049 874 3095 non
896 3023 1157 3096 haberet
1176 3075 1201 3114 ,
1241 3024 1544 3126 suppreffi
1559 3049 2003 3126 erumpentem
2023 3026 2336 3119 impetum
2357 3077 2376 3106 ,
2398 3023 2495 3114 &5

455 3130 666 3209 Peto,
699 3127 906 3225 inquit
922 3171 944 3204 ‚
980 3150 1064 3197 ne
1083 3123 1535 3200 sanffliffimum
1556 3124 1767 3199 foedus
1783 3129 1851 3198 in
1867 3126 2009 3198 vilis
2029 3118 2292 3220 persona
2310 3143 2496 3191 man·

454 3223 609 3319 cipli
629 3226 831 3297 cadat.
885 3231 1054 3316 Qae
1072 3224 1188 3295 ista
1207 3228 1301 3297 vis
1319 3274 1341 3307 ,
1380 3229 1552 3298 cives
1573 3229 1805 3325 optimi
1824 3231 1854 3300 ?
1876 3231 2030 3309 Quo
2052 3225 2206 3296 abiit
2225 3226 2491 3324 ingene·

454 3344 588 3392 rata
621 3321 717 3392 his
760 3328 944 3397 terris
983 3326 1398 3426 benignitas?
1435 3331 1674 3425 Neque
1715 3330 2131 3398 innocentem
2150 3321 2273 3397 effe
2295 3347 2485 3426 quem

453 3420 905 3509 damnumst,
945 3425 1245 3522 praedico.
1308 3424 1491 3496 Abfit
1532 3428 1779 3518 judiciis
1800 3425 2019 3498 vestris
2040 3423 2371 3497 detraham
2392 3425 2490 3493 in-

454 3522 769 3617 tegritatis
802 3518 1060 3596 famam.
1119 3529 1214 3594 At
1248 3543 1424 3595 certe
1459 3523 1773 3597 reservare
1792 3523 2084 3625 potuistis
2106 3520 2325 3596 famuli
2347 3552 2494 3626 poe·

455 3621 683 3690 namin
706 3620 1049 3694 adventum·
1066 3622 1313 3707 domini
1331 3625 1457 3715 jam
1476 3622 1695 3695 stantis
1714 3625 1793 3697 ad
1813 3625 2054 3699 moenia
2073 3619 2298 3695 vestra.

551 3722 737 3791 Tum
769 3725 976 3795 oravit
1007 3772 1032 3807 ,
1084 3735 1153 3795 ut
1186 3723 1388 3795 dilato
1421 3719 1737 3824 supplicio
1775 3750 1896 3804 una
1929 3725 2007 3799 ad
2045 3723 2484 3829 Magistratum

2287 3845 2477 3896 nent.
