2738 4475
960 235 1014 304 P
1122 251 1211 300 Α·
1270 251 1322 304 R
1433 253 1467 304 s
1547 231 1740 350 *IV*
1841 259 1844 262 ¹
2130 251 2422 330 ..a-3957

309 369 754 472 distrafitisque
778 368 986 443 fundis
1004 375 1251 442 luentes
1272 398 1290 441 τ
1342 371 1567 444 Etiam
1611 367 1784 467 quod
1807 387 1875 438 ut
1897 366 2235 466 plurimum
2255 397 2356 444 re-

307 475 424 571 gio
444 473 774 546 arboribus
791 492 959 544 caret
979 527 1000 556 ,
1056 471 1203 569 qnid
1212 495 1316 542 am
1356 489 1585 568 putant
1611 472 1870 540 illorum
1887 468 2185 541 odiorum
2206 465 2359 544 faci-

314 597 432 642 nus
452 570 575 643 esse
600 620 624 655 ‚
664 574 823 643 dum
848 569 1115 642 adversis
1133 565 1371 641 facibus
1390 568 1798 641 inimicorum
1815 565 2017 665 sylvas
2041 591 2364 655 cremant,

323 679 386 743 δι
412 672 671 763 privatis
687 673 931 763 injuriis
952 668 1309 740 vastitatem
1329 667 1556 763 patriae'
1570 663 1827 738 faciunt.
1886 666 2174 765 Sed-hec
2196 669 2361 740 olim

321 767 625 840 deflenda
637 769 954 842 dolentius
970 823 988 851 ,
1024 793 1169 840 cum
1210 767 1417 839 indies
1454 765 1566 837 ista
1584 789 1756 838 arma
1774 763 2079 840 saevirent.
2155 769 2364 840 Nune

322 869 591 963 placidis
628 869 803 941 rebus
825 916 847 950 ,
872 893 1066 966 quam
1102 864 1332 938 sentire
1364 867 1656 951 meliora,
1689 885 1822 936 tam
1863 865 2014 937 licet
2046 867 2354 965 augurari,

337 971 712 1065 Qanquam
746 971 926 1040 enim
949 987 1194 1037 tantum
1214 961 1387 1036 nefas
1406 962 1780 1035 submovere
1795 961 2059 1050 nonfuit
2079 966 2146 1036 in
2169 989 2363 1038 vete-

329 1070 764 1168 rum‘Regum
801 1091 1033 1146 manu,
1070 1063 1444 1164 proceribus»
1474 1061 1605 1134 fide
1637 1063 1945 1135 clientum
1962 1088 2383 1164 numeroque.

324 1158 640 1237 ferocibus
664 1196 683 1240 ε
733 1188 955 1239 tamen
987 1167 1207 1263 patriae
1239 1161 1362 1236 suae
1380 1163 1507 1234 hoc
1527 1160 2078 1262 demumJacobus
2100 1165 2362 1236 Britan-

314 1263 497 1338 nicus
515 1261 902 1337 beneficium
922 1263 1125 1338 dedit.
1179 1271 1247 1335 Is
1278 1286 1426 1333 cum
1445 1260 1666 1331 adbuc
1698 1262 1807 1333 uni
1826 1265 2366 1364 Scotiaeimpera·

320 1385 420 1433 ret
439 1410 465 1445 ,
484 1364 647 1435 hanc
670 1364 910 1461 publici
929 1366 1080 1435 mali
1102 1358 1350 1435 causam
1368 1357 1588 1431 habuit
1606 1361 1673 1430 in
1693 1362 2027 1459 praecipuis
2044 1366 2230 1463 regni
2248 1387 2363 1435 cu-

317 1463 431 1533 ris.
501 1463 631 1534 Sed
666 1464 932 1559 pigebat
964 1463 1061 1531 illi
1078 1458 1242 1558 pesti
1258 1483 1371 1556 per
1386 1478 1631 1556 partes,
1667 1465 1734 1530 δε
1755 1462 2131 1561 plerumque
2149 1464 2365 1536 inutili

325 1556 740 1629 solicitudine
759 1613 781 1642 ,
802 1582 1131 1629 occurrere
1149 1587 1173 1644 3
1198 1613 1199 1616 ,
1224 1581 1341 1628 nec
1360 1556 1534 1628 enim
1551 1579 1800 1655 poterat
1817 1561 1962 1631 ullis
1976 1562 2196 1660 jurgiis
2215 1586 2367 1638 vera

334 1681 463 1751 pax
483 1654 668 1726 statui
691 1704 713 1737 ,
735 1656 1050 1729 nififimul
1070 1657 1288 1729 omnia
1306 1676 1842 1754 componerentur
1861 1712 1879 1740 ,
1895 1665 1900 1669 ’
1914 1684 2058 1731 curn
2078 1665 2374 1760 exempla

336 1750 654 1844 ejusmodi
671 1757 1009 1828 criminum
1034 1803 1059 1840 ‚
1088 1752 1336 1853 illisque
1357 1757 1539 1826 venia
1560 1802 1583 1836 ,
1618 1753 1985 1839 necestitate
2004 1779 2372 1856 temporum

331 1847 635 1950 frequens
657 1901 680 1937 ‚
731 1881 958 1927 omnes
998 1851 1385 1925 solicitarent
1408 1853 1484 1926 ad
1511 1878 1728 1952 parem
1746 1853 2065 1929 audaciam
2089 1914 2107 1941 ,
2144 1855 2370 1930 saltem

326 1976 414 2022 ne
454 1952 712 2023 timidas
751 1977 857 2024 aut
895 1955 1249 2053 degeneres
1283 1954 1405 2024 iras
1441 1950 1685 2053 geffifl'e
1717 1952 2104 2027 viderentur.
2157 1958 2372 2032 Semel

318 2052 539 2149 itaque
558 2060 620 2123 δι
643 2052 706 2121 in
729 2075 1105 2148 perpetuum
1127 2052 1361 2150 placuit
1381 2050 1499 2149 hec
1524 2053 1668 2123 odia
1692 2052 1961 2125 aboleri.

427 2146 574 2243 Ipse
595 2155 736 2223 Rex
756 2176 976 2223 eorum
998 2153 1316 2222 rationem
1334 2153 1522 2221 inivit
1539 2200 1560 2235 ,
1594 2177 1864 2249 quorum
1883 2149 2124 2250 familie
2142 2156 2210 2224 &
2229 2154 2370 2255 fixe

330 2250 724 2324 eminebant.
775 2251 1101 2331 Precibus,
1124 2259 1190 2325 &
1213 2250 1596 2322 authoritate
1613 2246 1869 2335 fractos,
1895 2255 2123 2349 partim
2148 2278 2257 2352 per
2274 2253 2370 2344 se,

333 2351 565 2447 partim
603 2376 714 2447 per
743 2358 1004 2423 Senatus
1040 2348 1128 2441 sui
1144 2350 1432 2421 ἀεῐεᾶος
1454 2398 1477 2431 ,
1533 2351 1617 2420 ita
1636 2353 2072 2423 reconciliavit
2089 2402 2112 2438 ‚
2167 2375 2234 2424 ut
2250 2357 2368 2424 vix

333 2450 605 2544 amplius
639 2451 706 2518 in
734 2472 870 2520 tota
898 2452 1197 2549 Regione
1222 2471 1351 2521 tam
1375 2447 1582 2519 assueti
1606 2448 1900 2521 facinoris
1928 2450 2234 2520 acerbitas
2253 2477 2375 2521 no-

340 2548 724 2620 minaretur:
779 2555 1015 2647 lngens
1033 2575 1192 2645 opus
1211 2606 1230 2633 ,
1252 2572 1372 2618 nec
1394 2548 1431 2617 a
1452 2543 1907 2642 sapientissimo
1927 2554 1990 2616 δι
2014 2546 2373 2644 diligentis-

333 2643 851 2742 'fimoRegemifi
872 2648 1072 2717 multo
1088 2669 1380 2745 tempore
1400 2656 1464 2721 ἃ
1490 2647 1648 2716 mira
1664 2641 2380 2730 felicitate,absolutum.

339 2743 485 2835 Jam
506 2741 838 2814 biennium
859 2766 989 2816 erat
1011 2770 1091 2816 ex
1110 2772 1237 2843 quo
1256 2766 1583 2844 pacaverat
1603 2746 1887 2819 Scotiam
1908 2799 1927 2827 ,
1964 2769 2111 2818 cum
2134 2745 2212 2817 ad
2233 2758 2381 2820 An-

328 2843 485 2941 gliae
522 2837 977 2915 successionem
1017 2869 1269 2915 vocatus
1308 2844 1437 2918 est:
1500 2847 1749 2946 ingenti
1789 2842 2066 2943 auspicio
2105 2845 2181 2918 ad
2205 2845 2380 2921 hanc.

338 2967 578 3014 novam
618 2949 958 3015 Scotorum
1003 2939 1332 3016 sanitatem
1354 2974 1378 3035 3
1427 2947 1664 3044 quippe
1706 2969 1806 3017 tot
1841 2946 2080 3018 viribus
2119 2950 2408 3020 austum·-

298 3038 305 3045 ’
342 3046 606 3138 Regem
626 3067 792 3113 nunc
816 3068 969 3113 vero
987 3052 1051 3118 &
1075 3042 1294 3116 salubri
1321 3065 1493 3117 metu
1513 3046 1883 3117 colentium.

445 3144 657 3213 Scotis
693 3167 972 3239 praeceps
995 3143 1071 3215 ad
1094 3146 1314 3216 omnia
1333 3145 1576 3217 animus
1602 3169 1737 3241 quae
1760 3141 1897 3238 spes
1916 3139 2110 3213 semel
2130 3140 2377 3238 persua-

349 3239 425 3311 fit
444 3285 466 3319 ‚
486 3242 588 3308 cui
609 3244 883 3312 maxime
902 3242 1165 3314 credunt
1194 3265 1216 3312 t
1259 3243 1588 3315 Iracundia
1608 3243 1673 3310 in
1696 3264 2000 3335 promptu
2018 3246 2043 3319 ,'
2064 3236 2167 3312 sed
2186 3267 2381 3341 quam

352 3333 537 3409 facile
559 3339 695 3435 post
715 3340 952 3435 primos
973 3338 1249 3439 impet'us
1273 3341 1595 3439 mitigant.
1665 3337 1968 3425 Quaerere
1983 3364 2172 3437 opeS,
2187 3368 2382 3440 quam

348 3434 618 3522 servare,
640 3440 940 3511 meliores
960 3467 979 3511 t
1036 3444 1184 3514 Sive
1202 3437 1375 3535 quod
1397 3438 1647 3508 indoles
1673 3434 1921 3508 fortuna
1942 3436 2041 3508 sua
2062 3439 2265 3534 major
2279 3443 2384 3513 in-

349 3533 656 3611 consultae
692 3539 1087 3611 liberalitatis
1119 3539 1366 3634 impetu
1396 3537 1640 3608 laborat
1661 3583 1681 3614 ,
1727 3555 2019 3633 amatque
2040 3543 2389 3639 opulentia

347 3632 587 3712 famam
610 3667 634 3729 3
684 3635 811 3708 sive
830 3639 1049 3734 patriae
1069 3659 1249 3707 more
1266 3633 1523 3731 decepti
1543 3693 1563 3719 ,
1603 3635 1717 3707 ubi
1751 3633 1831 3704 ad
1852 3616 2141 3711 num‘mos
2165 3665 2391 3740 perve-

348 3736 567 3810 nerint
586 3785 610 3822 ‚
647 3739 759 3837 qui
797 3739 867 3807 in
904 3736 1123 3811 Scotia
1140 3728 1431 3805 felicitati
1453 3732 1811 3809 sufficerent
1828 3776 1848 3814 2
1899 3734 2028 3827 jam
2067 3739 2144 3813 de
2177 3738 2395 3831 inopia
2503 3770 2508 3775 ·

1354 3828 1471 3919 B'h
1525 3860 1562 3932 5
2249 3830 2410 3905 sunm
