2738 4475
409 165 548 269 ψ
914 165 1423 237 Eupnonn.
1476 160 1968 230 Sn’rvnrcr

406 292 534 377 offe
549 288 781 364 scelere
799 288 1122 358 violatam.
1175 287 1318 376 Jam
1344 305 1497 358 vero
1513 283 1578 349 δι
1601 273 1859 346 humilia
1881 275 1949 343 in
1979 292 2198 343 aurum
2218 290 2449 344 'trans—

405 393 576 467 ferre
611 389 867 485 metalla
883 433 904 467 ,
948 390 1015 456 &
1049 381 1374 454 vilioribus
1407 370 1564 450 saxis
1599 397 1964 474 gemmeam
1997 371 2300 442 inducere
2337 369 2440 441 di-

407 495 724 593 gnitatem
740 536 767 573 ,
803 484 966 558 mibi
983 504 1115 553 tam
1136 501 1505 579 promptum
1526 474 1619 548 est
1638 520 1658 554 ,
1676 496 1760 546 ‘ut
1790 496 1923 550 non
1946 467 2264 541 sociorum
2297 493 2439 541 ma·-

410 594 514 692 gis
533 638 555 671 ,
577 613 767 686 quam
786 582 974 682 ipsius
1001 576 1587 667 Natutaeinvidiam
1610 566 2081 673 pertimescam.
2136 575 2154 606 ¹
2174 570 2435 643 Omnes

411 694 734 786 Neptuno
749 687 966 757 littora
981 705 1271 780 gemmas
1290 676 1660 774 concipiunt
1675 722 1699 757 ‚
1721 671 1937 742 omnia
1956 650 2251 740 afferu'nt.
2284 670 2439 766 Jam

411 789 743 861 sacrarium
761 785 927 855 illius
948 782 1051 854 dei
1073 803 1255 876 paene
1273 798 1374 849 tot
1391 776 1579 846 radiis
1600 770 1695 843 est
1712 769 1947 843 illustre
1963 812 1986 848 ‚
2009 787 2171 866 quot
2192 770 2443 839 animus

407 883 748 960 virtutibus
782 883 982 955 dives.
1037 881 1253 953 Etiam
1276 876 1534 947 talentis
1552 895 1754 969 nuper
1770 867 2041 968 pluribus
2057 936 2060 939 ,
2079 867 2441 964 principem

412 987 704 1086 lapillum
724 985 883 1055 emit
905 1009 922 1055 t
946 978 1052 1051 sed
1073 979 1238 1050 nulla
1254 977 1420 1046 illius
1444 969 1699 1045 fortuna
1720 993 1861 1043 mea
1876 964 2179 1040 felicitate
2195 989 2330 1037 non
2347 962 2444 1036 est

415 1093 655 1167 minor.
710 1087 883 1156 Cum
906 1079 1041 1150 haec
1073 1074 1321 1149 dixiffet
1342 1124 1366 1159 ,
1403 1071 1594 1147 solvit
1615 1067 1926 1142 sacculum
1945 1062 2085 1137 satis
2103 1062 2441 1164 grandem,
2499 1112 2502 1114 ψ

412 1207 647 1284 meque
678 1178 1093 1277 introspicere
1125 1170 1318 1268 jusiit.
1374 1191 1508 1245 erat
1529 1191 1741 1242 autem
1778 1167 2009 1266 partim
2045 1162 2294 1234 laminis
2330 1186 2446 1230 au-

414 1287 537 1359 reis
562 1285 783 1382 plenus
805 1333 826 1362 ,
860 1278 1094 1376 partim
1116 1270 1592 1373 splendentibus
1609 1268 1886 1368 gemmis
1908 1310 1930 1347 ‚
1971 1272 2036 1338 &
2061 1264 2283 1333 oculos
2314 1256 2448 1357 ipsa

412 1390 557 1460 luce
587 1376 987 1454 fallentibus:
1039 1384 1106 1449 δι
1146 1372 1373 1473 quanti
1397 1371 1615 1442 omnia
1655 1360 2039 1451 aestimarem
2057 1405 2080 1443 ‚
2154 1362 2329 1433 vultu
2364 1358 2449 1430 ad

415 1483 795 1559 blanditiem
817 1475 1075 1550 deflexo
1089 1472 1771 1572 quaelivit.Ego‚quern
1786 1465 2125 1562 inopinato
2141 1459 2299 1532 radii
2315 1479 2453 1530 tam

411 1579 685 1659 illustres
717 1597 1020 1677 ceperant
1035 1624 1059 1661 ‚
1093 1571 1287 1644 tribus
1312 1569 1570 1642 talentis
1590 1564 1899 1638 aestirnavi
1917 1609 1937 1643 ,
1955 1562 2025 1633 id
2041 1561 2265 1645 etiam,
2285 1555 2462 1657 quod

414 1686 789 1783 plerumque
806 1673 1282 1751 leneshomines
1300 1666 1959 1766 solemus,timens‚ne
1977 1660 2301 1735 humiliori
2318 1681 2468 1754 pre-

418 1787 555 1864 tio,
582 1804 883 1880 tanquam
906 1774 1216 1850 mercium
1236 1789 1620 1865 contemptu
1634 1813 1658 1849 ‚
1681 1786 2018 1862 rogantem
2039 1754 2462 1831 offenderem.

418 1892 518 1959 At
551 1883 706 1962 ille,
764 1879 870 1953 Sic
905 1899 1010 1950 me
1030 1895 1350 1971 nunquam
1372 1862 1682 1940 educandi
1716 1862 1959 1934 metalli
1981 1854 2232 1928 solertia
2252 1850 2452 1932 fallat,

417 1983 667 2082 inquit,
703 1999 774 2049 ut
806 2000 939 2049 tam
973 1970 1243 2045 illustres
1263 1988 1538 2067 gemmae
1561 1962 1806 2059 septem
1829 1954 2010 2028 facile
2041 1952 2299 2026 talentis
2340 1972 2461 2021 ve-

421 2084 623 2155 nient.
678 2075 848 2150 Tibi
865 2096 1085 2146 tamen
1106 2070 1232 2141 hoc
1252 2067 1375 2138 erit
1393 2062 1654 2136 orientis
1673 2058 1945 2129 amicitae
1969 2056 2195 2153 pignus
2218 2105 2240 2133 ‚
2280 2044 2464 2147 quod

328 2182 332 2186 ’
419 2180 737 2255 destinata
754 2228 777 2265 ,
796 2198 911 2249 tuo
927 2171 1167 2270 judicio
1184 2165 1450 2269 pecunia
1466 2214 1487 2244 ,
1509 2157 1704 2231 tribus
1723 2158 1985 2255 inquam
2003 2148 2262 2225 talentis
2278 2192 2302 2229 ,
2324 2145 2470 2219 sac-

425 2283 641 2357 culum
662 2275 929 2351 auferes.

524 2378 717 2456 Nihil
736 2376 1014 2473 ineptius
1031 2421 1058 2458 ,
1077 2394 1270 2471 quam
1289 2389 1322 2436 a
1369 2359 1453 2436 ud
1470 2350 1932 2433 inverecundos
1950 2351 2231 2422 latrones
2257 2342 2473 2444 pudo-

423 2506 498 2555 re
531 2479 760 2553 teneri.
812 2478 960 2575 Ego
975 2496 1061 2544 ne
1077 2390 1588 2543 videret-bomini
1606 2455 1896 2531 diffidere
1912 2468 2045 2524 tam
2066 2447 2262 2520 docte
2279 2445 2471 2517 blan.

425 2580 633 2655 dienti
650 2627 675 2664 ,
697 2578 876 2675 coepi
897 2571 1167 2647 vestium
1186 2566 1394 2641 nodos
1413 2558 1658 2633 solvere
1682 2614 1702 2644 ,
1740 2553 2164 2653 eduRamque
2182 2545 2265 2617 de
2284 2545 2474 2615 variis

427 2680 765 2780 pecuniam
783 2672 1118 2749 receffibus
1134 2687 1466 2739 numerare
1485 2689 1504 2732 t
1528 2658 1654 2730 hoc
1676 2682 1807 2729 uno
1832 2648 2080 2751 sapiens
2096 2696 2122 2732 ‚
2144 2643 2319 2744 quod
2338 2669 2480 2742 par·

423 2779 693 2850 ticulam
711 2820 734 2855 ,
772 2799 914 2873 quae
927 2773 997 2844 in
1014 2768 1261 2843 summa
1277 2763 1450 2836 veste
1517 2783 1674 2856 rope
1695 2756 2028 2827 humerum
2048 2745 2286 2816 latebat
2308 2784 2331 2822 ‚
2372 2743 2481 2815 in·

430 2878 677 2952 caetani
729 2869 938 2946 omifi.
1008 2869 1219 2968 Igitur
1255 2889 1406 2937 cum
1482 2854 1970 2955 esquitalentum
2010 2837 2479 2943 prompliffem,

570 2996 868 3073 :itemque
885 2969 1044 3041 alios
1067 2965 1231 3040 mibi
1245 2960 1375 3036 effe
1405 2961 1472 3032 in
1488 2953 1819 3054 praesentia
1839 2965 2131 3022 nummos
2148 2982 2172 3019 ‚
2209 2934 2479 3010 scelera-

428 3003 708 3153 ffimus
741 3065 1023 3145 carnifex
1057 3069 1272 3166 primo
1305 3054 1620 3132 sacculum
1668 3051 1843 3123 suum
1885 3039 2204 3118 recludere
2236 3036 2480 3134 coepitt

434 3201 592 3253 mox
611 3196 682 3248 ut
716 3173 912 3246 etiam
931 3168 973 3243 ὲ
994 3191 1098 3241 me
1127 3160 1355 3263 reponi
1373 3154 1712 3256 pecuniam
1732 3146 1890 3219 vidit
1908 3188 1931 3222 ‚
1976 3137 2184 3238 inquit
2203 3183 2227 3217 ‚
2270 3137 2484 3222 Quic-

437 3274 594 3376 quid
640 3294 1046 3375 gemmarum
1078 3263 1210 3348 est,
1266 3259 1477 3360 potius
1510 3250 1677 3325 sorte
1714 3241 2069 3319 fideliffima
2100 3237 2474 3334 partiamur.

440 3377 594 3476 Ego
625 3375 692 3445 in
730 3359 881 3443 duas
903 3387 1113 3469 partes
1144 3386 1336 3463 quam
1357 3371 1584 3457 potero
1603 3342 1929 3444 justissime
1946 3336 2330 3437 distinguam
2352 3356 2482 3505 3¹33

508 3634 537 3684 ἱ
573 3634 727 3694 ogr-m
739 3597 1094 3692 &primurm
1111 3629 1302 3686 gernum
1329 3627 1426 3659 cw—
1487 3612 1593 3656 rant
1625 3599 1747 3652 solis
1782 3596 2050 3665 primitias,
2101 3584 2269 3660 <pibus
2303 3580 2490 3648 antiqu}

429 3695 646 3769 εἶμ’-ιιι]
686 3699 904 3744 oceanus
937 3686 1232 3741 orientalis,
1265 3678 1342 3732 sed
1378 3602 1468 3782 &x
1488 3672 1721 3739 templum
1747 3668 1956 3734 Neptuni
1984 3663 2110 3729 Dei,
2153 3671 2209 3714 nt
2234 3652 2487 3727 putabat,

446 3765 673 3872 Gangem
689 3763 740 3817 δι
761 3759 871 3816 uidi
892 3759 1059 3814 littora
1082 3752 1266 3825 lapillos
1296 3760 1437 3820 gene-
1494 3741 1638 3798 anti:
1652 3735 1903 3822 omnbautg
2262 3802 2289 3840 ι
2322 3786 2483 3853 a*
