2738 4475
854 302 1597 380 Paravi.
1952 292 1959 301 ⁸
2147 304 2287 377 662

248 421 378 480 dum
409 418 567 479 divisi
601 416 669 476 ab
701 415 808 476 sese
842 418 1083 478 mirabili
1098 419 1339 478 divortio
1357 434 1578 478 montes
1592 416 1854 497 praerupti
1871 457 1888 483 ‚
1928 420 1984 477 δε
1999 418 2057 476 in
2074 416 2288 479 fretum

243 502 358 576 jam
375 510 752 575 procurrentes
768 537 784 561 .
804 497 977 574 Calpe
996 538 1012 563 ,
1032 501 1088 556 δι
1102 495 1303 573 Abyla‚
1320 499 1530 556 Oceani
1548 498 1808 556 fluffibus
1824 498 2163 574 irrumpendi
2183 517 2282 554 co-

249 579 394 655 piam
412 581 652 635 fecerant
667 612 683 634 ‚
709 576 958 634 nondum
975 592 1088 634 erat
1105 575 1242 634 illud
1263 577 1596 634 Herculeum
1619 595 1773 635 mare
1792 615 1809 641 ‚
1841 575 1994 653 quod
2008 578 2285 652 Europam

251 657 317 713 ab
335 655 522 713 Astica
537 654 735 711 dividit
748 694 763 720 ,
800 674 933 713 cum
964 657 1023 713 in
1055 653 1309 731 subjeffls
1337 654 1563 712 vallibus
1599 653 1907 732 imperabat
1923 656 2046 712 Rex
2062 653 2287 710 fortuna

250 733 342 792 sua
356 733 698 811 dignissimus
714 771 731 798 ,
766 752 901 791 cum
934 736 1087 791 enim
1122 735 1415 811 regionem
1450 733 1598 792 illam
1617 752 1750 792 cum
1783 745 2011 810 propter
2044 731 2289 790 clemen-

253 814 389 870 tiam
407 815 540 870 aeris
551 847 570 871 ‚
600 824 725 868 tum
739 827 965 889 propter
981 811 1215 870 liberalis
1235 824 1437 869 naturae
1453 812 1684 878 divitias,
1702 818 1778 877 ὃς,
1792 826 1857 869 ut
1873 814 2046 888 ajunt,
2062 825 2286 886 propter

255 903 536 948 certamen
565 888 763 948 Bacchi
790 893 847 949 δι
875 891 1090 960 Cereris
1118 891 1185 948 ab
1199 891 1440 967 antiquis
1455 890 1695 968 Elysium
1712 892 1918 949 dielam
1934 889 2163 946 ditionis
2178 886 2287 944 suae

253 967 462 1027 fecisset
477 1008 494 1034 ,
525 966 608 1027 illi
634 967 990 1043 postmodum
1024 967 1165 1026 nihil
1194 968 1475 1048 antiquius
1507 970 1614 1028 fuit
1631 1008 1648 1034 ‚
1675 988 1846 1046 quam
1876 967 2000 1026 vitii
2033 967 2288 1026 altricem

254 1048 531 1125 ignaviam
547 1048 760 1105 indieZto
779 1047 1089 1105 litterarum
1109 1051 1456 1106 commercio
1471 1047 1822 1125 proscribere.
2299 1113 2305 1119 ,

339 1128 453 1183 Hac
482 1138 638 1183 aetate
667 1127 828 1184 aurea
858 1127 920 1185 in
935 1126 1229 1185 fortunatis
1243 1124 1389 1184 hisce
1401 1127 1632 1184 vallibus
1646 1123 1903 1184 secundus
1915 1126 1946 1184 a
1958 1128 2114 1203 Rege
2128 1123 2288 1181 Prin-

255 1222 379 1281 ceps
407 1204 714 1282 imperabat
728 1244 744 1269 .
778 1223 948 1283 quem
964 1205 1022 1262 in
1039 1205 1235 1283 primis
1248 1206 1403 1263 annis
1418 1207 1628 1264 amavit
1641 1207 1877 1264 Fortuna
1891 1242 1907 1265 2
1936 1202 2286 1280 sequentibus

252 1300 382 1340 vero
395 1282 655 1341 destituit.
699 1282 1034 1342 Hermodius
1049 1283 1365 1342 vooebatur.
1407 1286 1578 1342 Tanti
1609 1284 1876 1361 Principis
1893 1281 2173 1342 foelicitati
2186 1280 2287 1343 diu

251 1361 361 1419 fata
378 1361 735 1438 postmodum
752 1361 930 1420 invisa
942 1361 1097 1420 fuere
1112 1366 1169 1422 δι
1183 1364 1426 1421 nimium
1445 1362 1641 1439 aspera.

332 1441 463 1497 Erat
475 1439 558 1498 illi
574 1441 783 1515 conjux
800 1478 817 1504 ‚
849 1458 1019 1517 quani
1035 1454 1260 1518 propter
1273 1440 1448 1500 animi
1466 1444 1522 1500 δι
1538 1441 1781 1518 corporis
1795 1459 1907 1499 non
1920 1439 2169 1519 vulgares
2185 1436 2291 1497 do·

252 1530 331 1577 tes
343 1517 599 1575 efflietim
616 1517 893 1592 deperibat
908 1556 925 1582 ,
941 1535 1042 1575 nec
1059 1519 1266 1576 minori
1285 1519 1461 1584 cultu,
1476 1538 1645 1597 quam
1661 1539 1850 1580 amore
1863 1520 2136 1594 Princeps,
2157 1535 2283 1576 eam

254 1595 611 1653 observabant
625 1594 915 1671 indigenae.
929 1594 1080 1673 quasi
1095 1600 1151 1655 δι
1165 1596 1444 1656 coelestem
1462 1600 1617 1658 naeta
1633 1599 1761 1658 effet
1775 1599 2078 1676 originem.
2112 1597 2287 1662 Nam,

253 1672 295 1729 si
309 1691 482 1750 genus
497 1671 763 1749 spectetis,
779 1675 1023 1752 Regium
1040 1674 1170 1740 fuit,
1190 1689 1388 1750 utpote
1401 1695 1526 1755 quae
1540 1690 1775 1754 patrem,
1787 1696 1932 1741 avos,
1945 1690 2149 1738 atavos,
2163 1674 2285 1731 aba·

258 1769 372 1811 vos,
386 1769 632 1827 proavos,
648 1764 867 1825 patruos
885 1758 941 1813 δι
956 1753 1224 1831 patrueles
1238 1758 1420 1833 Reges
1433 1752 1622 1813 sortita
1633 1755 1709 1814 est
1727 1778 1740 1813 :
1780 1754 2014 1814 demum
2038 1755 2282 1810 Hermo-

253 1831 411 1907 genis
437 1829 760 1906 magnifilia
771 1831 956 1889 extitit
972 1870 989 1896 2
1018 1837 1089 1893 δι’
1103 1831 1214 1909 ipsa
1231 1846 1458 1911 propter
1472 1846 1558 1890 tot
1573 1847 1779 1892 naturae
1794 1831 2124 1891 blandientis
2138 1829 2286 1887 divi-

254 1912 355 1965 tias
372 1909 662 1986 Smaragda
674 1908 972 1967 dicebatur.
1014 1912 1163 1968 Nam
1183 1912 1337 1988 quod
1351 1913 1420 1969 ad
1439 1925 1686 1970 mentem
1705 1932 1720 1968 ι
1752 1910 1864 1987 ipsa
1880 1909 2063 1967 hercle
2080 1907 2287 1966 nobili-

252 1998 364 2043 tate
378 1986 625 2064 ingenita
639 1984 916 2064 sortitaest
931 1988 1260 2047 nobiliorem
1272 2031 1284 2044 .
1341 1992 1411 2048 Et
1428 2009 1560 2048 cum
1581 1990 1738 2048 sciret
1752 1988 1990 2048 familias
2003 1986 2289 2064 splendore

247 2066 470 2199 geg-esis
504 2065 821 2201 nobilittiixrisp
848 2067 1060 2200 anjtmas
1087 2066 1530 2204 groflgplendore
1542 2070 1777 2204 ’virtgiet‘if
1792 2103 1810 2128 ‚
1842 2067 2073 2201 iia-notius
2087 2064 2284 2200 hlahgit

249 2162 314 2200 ni
360 2164 375 2200 i
417 2182 437 2209 ,
511 2163 639 2202 uam
781 2163 834 2202 ia
848 2163 899 2201 vi
957 2159 1085 2208 uris,
1170 2164 1205 2201 o
1268 2165 1353 2203 cia
1408 2162 1604 2205 ietatis.
1797 2163 1862 2201 ve
1884 2164 1965 2201 im
1997 2161 2091 2201 me
2235 2161 2287 2199 ie

247 2235 414 2281 tantae
433 2163 698 2299 Peincipis
711 2222 863 2281 dotes
885 2220 1279 2282 describentem
1296 2264 1312 2289 ,
1347 2164 1585 2284 &eii-tutis
1614 2222 2007 2282 simulachrum
2029 2261 2046 2286 ,
2077 2219 2164 2279 vel
2180 2240 2287 2298 po-

248 2301 361 2359 tius
373 2302 652 2361 Virtutem
672 2300 845 2377 ipsam
864 2302 1057 2360 animo
1074 2304 1250 2361 vestro
1270 2301 1507 2380 fingatis.
1566 2306 1718 2362 Nam
1737 2301 1887 2379 quod
1905 2301 1976 2359 ad
1986 2300 2140 2358 dotes
2154 2319 2288 2359 cor-

248 2378 401 2514 poris
415 2418 431 2443 ,
458 2380 731 2455 putassetis
744 2398 869 2438 eam
886 2380 1125 2437 doffiori
1143 2382 1407 2440 Minervae
1426 2380 1610 2440 fictam
1629 2381 1830 2456 pollice
1848 2420 1865 2443 ,
1893 2383 1946 2438 δε
1964 2398 2049 2437 am
2057 2380 2288 2436 oeniori-
2349 2414 2359 2424 ι

295 2476 356 2513 us
369 2455 654 2514 lenociniis
672 2496 688 2521 ‚
719 2476 780 2513 ac
808 2458 1113 2513 Veneribus
1129 2460 1239 2515 oris
1254 2460 1321 2514 ab
1335 2459 1530 2515 eadem
1547 2462 1664 2514 Dea
1679 2458 2018 2514 illustratam.
2069 2456 2258 2514 Pando
2271 2487 2294 2499 -

261 2553 387 2592 ram
416 2534 658 2611 aliquam
693 2545 940 2608 putatote
956 2572 972 2596 ,
1003 2533 1066 2589 in
1095 2551 1205 2610 qua
1228 2534 1549 2590 elaboranda
1564 2534 1773 2590 coelum
1789 2547 1975 2590 totum
1996 2530 2282 2591 desudarit.

248 2614 381 2669 Erat
398 2611 637 2687 illijusta
649 2610 894 2683 corporis
908 2611 1131 2674 statura,
1163 2610 1387 2687 qualem
1421 2611 1654 2667 Virtutis
1681 2610 1785 2667 ess‘e
1799 2611 1953 2667 decet
1973 2637 1998 2679 ς,
2031 2626 2122 2666 aut
2140 2611 2287 2668 certe

249 2690 624 2765 suprajustam
638 2687 926 2762 paululum
943 2686 1236 2765 assurgens.
1273 2687 1441 2745 Oculi
1459 2687 1719 2745 sideribus
1735 2706 1892 2764 pares
1912 2728 1926 2752 ‚
1942 2690 1995 2745 δι
2015 2687 2294 2746 mitissimi

246 2765 492 2842 aspessus
506 2765 852 2824 blandissimo
863 2764 1079 2841 fulgore
1097 2765 1393 2824 micantes:
1433 2764 1767 2824 diffufisfima
1781 2765 1952 2830 frons,
1978 2769 2033 2824 &
2049 2766 2289 2823 miiiime

248 2844 598 2921 superciliosa
613 2880 632 2904 ‚
664 2861 820 2921 genae
848 2840 973 2919 ipsae
1004 2841 1159 2900 nullo
1188 2862 1438 2920 unquam
1467 2845 1597 2903 artis
1607 2844 1875 2903 adulterio
1892 2844 2117 2921 perditae
2137 2871 2157 2915 3
2198 2843 2289 2901 sed

248 2923 439 2981 nativi
453 2923 641 3001 gratia,
663 2923 895 3001 florenti
931 2940 998 2978 ue
1012 2920 1200 2979 colore
1218 2936 1518 2980 vernantes.
1560 2926 1689 2981 Haec
1703 2940 1798 2982 tua
1810 2923 1943 2989 laur»,
1956 2922 2290 2981 serenissima

245 3002 680 3077 Princeps,quae
712 2999 854 3058 nulli
912 3001 1229 3075 uperiorum
1260 3013 1484 3059 aetatum
1519 3001 1745 3060 Heroidi
1776 3001 1935 3077 possit
1967 3000 2286 3060 concedere.
2401 3032 2406 3043 ·

248 3082 329 3139 Hi
338 3099 470 3138 cum
494 3078 625 3138 tales
639 3078 840 3143 essent.
871 3077 1011 3156 quid
1046 3079 1257 3136 mirum
1288 3077 1330 3138 fi
1348 3094 1614 3138 mutuum
1634 3081 1781 3139 inter
1799 3095 2101 3155 utrumque
2116 3081 2288 3137 inter·

244 3160 468 3217 cesserat
495 3159 698 3215 amoris
726 3157 1014 3219 vinculum
1046 3159 1143 3235 qui
1176 3159 1525 3216 connubium
1560 3158 1699 3216 istud
1731 3172 1847 3215 tam
1863 3156 2040 3214 foelici
2059 3154 2290 3215 sanciret

245 3256 318 3294 au
362 3239 502 3294 urio.
558 3238 775 3294 Tamen
806 3235 1039 3299 accidit,
1076 3248 1140 3293 ut
1169 3236 1381 3312 ingrata
1407 3238 1462 3294 Bt
1492 3236 1678 3294 invida
1691 3233 1802 3292 sors
1832 3236 1994 3306 (num
2015 3234 2292 3293 forteDea

246 3313 323 3372 Di
349 3313 698 3372 cordiavelut
713 3315 771 3371 in
798 3315 1005 3388 nuptiis
1022 3312 1241 3372 Pelei&
1256 3313 1568 3387 Thetydos)
1591 3315 1736 3372 inter
1757 3325 2065 3389 utrumque
2082 3310 2294 3373 semina

246 3391 740 3465 odiorumjaceret.
781 3394 979 3469 Longa
991 3393 1068 3449 est
1084 3391 1163 3467 inj
1171 3392 1309 3455 uria.
1327 3391 1512 3468 longae
1527 3390 1779 3469 ambages
1797 3416 1814 3459 ς
1832 3389 1918 3448 sed
1935 3388 2288 3467 paucissum-

249 3488 411 3529 mam
427 3469 623 3528 evolvo
638 3509 655 3535 ,
671 3485 798 3527 nam
818 3468 973 3526 scena
989 3471 1159 3527 totius
1173 3470 1253 3528 rei
1271 3468 1388 3526 liaec
1402 3469 1478 3526 est
1495 3489 1512 3524 ι
1555 3471 1772 3547 Regem
1792 3469 2016 3527 fratrem
2033 3470 2179 3527 inter
2197 3472 2288 3535 ,δι

250 3546 519 3606 Australis
548 3544 720 3622 plagae
751 3547 1047 3620 Dynastam
1079 3547 1291 3606 semina
1320 3545 1452 3604 belli
1480 3549 1708 3624 antiqua
1719 3566 1850 3606 cum
1865 3549 2290 3612 intercederent.

247 3627 424 3684 armis
438 3626 667 3682 demum
686 3624 753 3680 lis
766 3622 1073 3683 dirimenda
1085 3626 1211 3688 fuit.
1269 3626 1530 3702 Princeps
1541 3627 1573 3685 a
1585 3628 1742 3704 Rege
1756 3624 1922 3684 fratre
1933 3628 2106 3701 copiis
2121 3627 2287 3703 regiis

252 3702 556 3780 praeficitur
570 3741 587 3767 ‚
618 3700 833 3759 indicito
859 3703 1144 3780 utrimque
1177 3703 1322 3761 bello
1336 3702 1367 3761 a
1384 3702 1578 3762 Feciali
1594 3705 1825 3762 verbena
1838 3718 2034 3777 ornato
2049 3712 2104 3765 &
2125 3705 2284 3762 lituo.

245 3783 442 3860 Copiae
473 3780 766 3837 lustrantur
786 3780 846 3837 in
865 3779 1184 3839 diribitorio
1198 3822 1217 3848 ,
1247 3786 1303 3842 8<
1321 3783 1381 3840 in
1399 3782 1611 3861 campis
1623 3783 1823 3852 Enneis
1835 3783 1913 3840 ita
1926 3782 2288 3860 explicantur,

238 3873 311 3926 ut
336 3858 622 3943 primipili
658 3859 908 3936 primum
943 3876 1145 3939 agmen
1162 3859 1512 3921 obtinerent.
1540 3860 1729 3921 hastati
1743 3858 2288 3926 medium‚,vetermi

1301 3940 1355 4017 Τ
1368 3952 1394 3998 t
1436 3956 1469 4015 3
2117 3948 2298 3993 extre·
2343 3944 2348 3951 '
