<?xml version="1.0" encoding="UTF-8"?>
<!DOCTYPE html PUBLIC "-//W3C//DTD XHTML 1.0 Transitional//EN"
    "http://www.w3.org/TR/xhtml1/DTD/xhtml1-transitional.dtd">
<html xmlns="http://www.w3.org/1999/xhtml" xml:lang="en" lang="en">
 <head>
  <title>
</title>
<meta http-equiv="Content-Type" content="text/html;charset=utf-8" />
  <meta name='ocr-system' content='tesseract 3.04.00' />
  <meta name='ocr-capabilities' content='ocr_page ocr_carea ocr_par ocr_line ocrx_word'/>
</head>
<body>
  <div class='ocr_page' id='page_1' title='image "./euphormionislus00barcgoog_0679.png"; bbox 0 0 2738 4475; ppageno 0'>
   <div class='ocr_carea' id='block_1_1' title="bbox 161 281 2271 2067">
    <p class='ocr_par' dir='ltr' id='par_1_1' title="bbox 208 281 2271 1423">
     <span class='ocr_line' id='line_1_1' title="bbox 894 281 2257 373; baseline 0.009 -12"><span class='ocrx_word' id='word_1_1' title='bbox 894 289 963 361; x_wconf 72' lang='lat' dir='ltr'>P·</span> <span class='ocrx_word' id='word_1_2' title='bbox 1053 311 1115 361; x_wconf 60' lang='grc' dir='ltr'>Α.</span> <span class='ocrx_word' id='word_1_3' title='bbox 1202 310 1254 364; x_wconf 82' lang='lat' dir='ltr'>R</span> <span class='ocrx_word' id='word_1_4' title='bbox 1353 314 1389 361; x_wconf 68' lang='grc' dir='ltr'><em>ε</em></span> <span class='ocrx_word' id='word_1_5' title='bbox 1484 289 1595 364; x_wconf 43' lang='lat' dir='ltr'>V&amp;</span> <span class='ocrx_word' id='word_1_6' title='bbox 2119 281 2257 373; x_wconf 28' lang='lat'>6¹3*</span> 
     </span>
     <span class='ocr_line' id='line_1_2' title="bbox 213 398 2236 479; baseline -0.003 -14"><span class='ocrx_word' id='word_1_7' title='bbox 213 405 269 465; x_wconf 71' lang='grc' dir='ltr'>δε</span> <span class='ocrx_word' id='word_1_8' title='bbox 280 402 607 463; x_wconf 81' lang='lat' dir='ltr'>refiffentem</span> <span class='ocrx_word' id='word_1_9' title='bbox 622 398 1013 460; x_wconf 71' lang='lat' dir='ltr'>‘insultantibus</span> <span class='ocrx_word' id='word_1_10' title='bbox 1028 404 1248 479; x_wconf 82' lang='lat' dir='ltr'>Ajacem</span> <span class='ocrx_word' id='word_1_11' title='bbox 1267 407 1420 465; x_wconf 84' lang='lat' dir='ltr'>vario</span> <span class='ocrx_word' id='word_1_12' title='bbox 1436 400 2023 462; x_wconf 80' lang='lat' dir='ltr'>vulnereconfodiunt.</span> <span class='ocrx_word' id='word_1_13' title='bbox 2049 402 2236 460; x_wconf 84' lang='lat' dir='ltr'>Inclu-</span> 
     </span>
     <span class='ocr_line' id='line_1_3' title="bbox 212 480 2239 558; baseline -0.002 -17"><span class='ocrx_word' id='word_1_14' title='bbox 212 485 359 542; x_wconf 87' lang='lat' dir='ltr'>ditur</span> <span class='ocrx_word' id='word_1_15' title='bbox 370 483 558 539; x_wconf 86' lang='lat' dir='ltr'>robori</span> <span class='ocrx_word' id='word_1_16' title='bbox 572 482 874 539; x_wconf 84' lang='lat' dir='ltr'>Timandra</span> <span class='ocrx_word' id='word_1_17' title='bbox 893 523 909 551; x_wconf 94' lang='lat'>,</span> <span class='ocrx_word' id='word_1_18' title='bbox 936 489 990 545; x_wconf 69' lang='grc' dir='ltr'>ὃς</span> <span class='ocrx_word' id='word_1_19' title='bbox 1009 481 1096 539; x_wconf 88' lang='lat' dir='ltr'>illi</span> <span class='ocrx_word' id='word_1_20' title='bbox 1113 483 1319 543; x_wconf 80' lang='lat' dir='ltr'>robusti</span> <span class='ocrx_word' id='word_1_21' title='bbox 1333 486 1575 543; x_wconf 83' lang='lat' dir='ltr'>latrones</span> <span class='ocrx_word' id='word_1_22' title='bbox 1590 484 1880 558; x_wconf 83' lang='lat' dir='ltr'>postquam</span> <span class='ocrx_word' id='word_1_23' title='bbox 1901 480 2097 538; x_wconf 87' lang='lat' dir='ltr'>aedium</span> <span class='ocrx_word' id='word_1_24' title='bbox 2114 501 2239 537; x_wconf 85' lang='lat' dir='ltr'>om-</span> 
     </span>
     <span class='ocr_line' id='line_1_4' title="bbox 212 556 2243 637; baseline -0.001 -18"><span class='ocrx_word' id='word_1_25' title='bbox 212 564 367 620; x_wconf 83' lang='lat' dir='ltr'>nium</span> <span class='ocrx_word' id='word_1_26' title='bbox 383 560 587 619; x_wconf 87' lang='lat' dir='ltr'>secreta</span> <span class='ocrx_word' id='word_1_27' title='bbox 603 561 936 637; x_wconf 84' lang='lat' dir='ltr'>vestigavere</span> <span class='ocrx_word' id='word_1_28' title='bbox 953 601 970 626; x_wconf 91' lang='lat'>,</span> <span class='ocrx_word' id='word_1_29' title='bbox 985 561 1192 627; x_wconf 76' lang='lat' dir='ltr'>nudato</span> <span class='ocrx_word' id='word_1_30' title='bbox 1217 565 1397 637; x_wconf 80' lang='lat' dir='ltr'>Ajacis</span> <span class='ocrx_word' id='word_1_31' title='bbox 1415 565 1668 622; x_wconf 82' lang='lat' dir='ltr'>cadavere</span> <span class='ocrx_word' id='word_1_32' title='bbox 1682 602 1698 625; x_wconf 88' lang='lat'><em>‚</em></span> <span class='ocrx_word' id='word_1_33' title='bbox 1717 556 1999 635; x_wconf 86' lang='lat' dir='ltr'>ruptisque</span> <span class='ocrx_word' id='word_1_34' title='bbox 2014 560 2243 617; x_wconf 78' lang='lat' dir='ltr'>vestibus</span> 
     </span>
     <span class='ocr_line' id='line_1_5' title="bbox 208 638 2256 720; baseline -0.002 -22"><span class='ocrx_word' id='word_1_35' title='bbox 208 642 268 698; x_wconf 86' lang='lat' dir='ltr'>in</span> <span class='ocrx_word' id='word_1_36' title='bbox 283 641 484 719; x_wconf 85' lang='lat' dir='ltr'>quibus</span> <span class='ocrx_word' id='word_1_37' title='bbox 502 639 786 697; x_wconf 83' lang='lat' dir='ltr'>saltaverat</span> <span class='ocrx_word' id='word_1_38' title='bbox 806 678 822 704; x_wconf 83' lang='lat'>,</span> <span class='ocrx_word' id='word_1_39' title='bbox 839 641 1145 718; x_wconf 77' lang='lat' dir='ltr'>imaginem</span> <span class='ocrx_word' id='word_1_40' title='bbox 1170 643 1438 720; x_wconf 84' lang='lat' dir='ltr'>Liphippi</span> <span class='ocrx_word' id='word_1_41' title='bbox 1457 644 1598 699; x_wconf 87' lang='lat' dir='ltr'>inter</span> <span class='ocrx_word' id='word_1_42' title='bbox 1615 638 2080 698; x_wconf 78' lang='lat' dir='ltr'>thoracissuturas</span> <span class='ocrx_word' id='word_1_43' title='bbox 2096 640 2256 694; x_wconf 87' lang='lat' dir='ltr'>inve-·</span> 
     </span>
     <span class='ocr_line' id='line_1_6' title="bbox 208 715 2257 795; baseline -0.001 -20"><span class='ocrx_word' id='word_1_44' title='bbox 208 722 390 783; x_wconf 87' lang='lat' dir='ltr'>niunt,</span> <span class='ocrx_word' id='word_1_45' title='bbox 409 719 469 776; x_wconf 89' lang='lat' dir='ltr'>in</span> <span class='ocrx_word' id='word_1_46' title='bbox 492 737 556 774; x_wconf 90' lang='lat' dir='ltr'>ca</span> <span class='ocrx_word' id='word_1_47' title='bbox 574 733 724 794; x_wconf 86' lang='lat' dir='ltr'>parte</span> <span class='ocrx_word' id='word_1_48' title='bbox 740 756 757 783; x_wconf 87' lang='lat'><strong>,</strong></span> <span class='ocrx_word' id='word_1_49' title='bbox 770 737 943 795; x_wconf 88' lang='lat' dir='ltr'>quam</span> <span class='ocrx_word' id='word_1_50' title='bbox 959 759 975 784; x_wconf 86' lang='lat'><strong>,</strong></span> <span class='ocrx_word' id='word_1_51' title='bbox 996 719 1035 774; x_wconf 88' lang='lat' dir='ltr'>fi</span> <span class='ocrx_word' id='word_1_52' title='bbox 1055 721 1264 777; x_wconf 86' lang='lat' dir='ltr'>viveret</span> <span class='ocrx_word' id='word_1_53' title='bbox 1278 761 1293 785; x_wconf 93' lang='lat'><strong>,</strong></span> <span class='ocrx_word' id='word_1_54' title='bbox 1328 734 1648 779; x_wconf 83' lang='lat' dir='ltr'>concuteret</span> <span class='ocrx_word' id='word_1_55' title='bbox 1660 720 1842 791; x_wconf 86' lang='lat' dir='ltr'>cordis</span> <span class='ocrx_word' id='word_1_56' title='bbox 1856 716 2110 794; x_wconf 84' lang='lat' dir='ltr'>spirantis</span> <span class='ocrx_word' id='word_1_57' title='bbox 2124 715 2257 773; x_wconf 76' lang='lat' dir='ltr'>sub-</span> 
     </span>
     <span class='ocr_line' id='line_1_7' title="bbox 211 796 2246 875; baseline -0.002 -20"><span class='ocrx_word' id='word_1_58' title='bbox 211 796 400 855; x_wconf 76' lang='lat' dir='ltr'>sultuS.</span> <span class='ocrx_word' id='word_1_59' title='bbox 465 797 566 853; x_wconf 85' lang='lat' dir='ltr'>Sed</span> <span class='ocrx_word' id='word_1_60' title='bbox 600 816 777 873; x_wconf 88' lang='lat' dir='ltr'>neque</span> <span class='ocrx_word' id='word_1_61' title='bbox 805 797 1108 855; x_wconf 79' lang='lat' dir='ltr'>existebant</span> <span class='ocrx_word' id='word_1_62' title='bbox 1123 800 1221 875; x_wconf 88' lang='lat' dir='ltr'>qui</span> <span class='ocrx_word' id='word_1_63' title='bbox 1236 800 1413 874; x_wconf 83' lang='lat' dir='ltr'>Ajacis</span> <span class='ocrx_word' id='word_1_64' title='bbox 1432 799 1597 857; x_wconf 86' lang='lat' dir='ltr'>fidem</span> <span class='ocrx_word' id='word_1_65' title='bbox 1609 796 1984 855; x_wconf 52' lang='lat' dir='ltr'>labefactatam</span> <span class='ocrx_word' id='word_1_66' title='bbox 2008 835 2025 873; x_wconf 73' lang='lat'>,⁹</span> <span class='ocrx_word' id='word_1_67' title='bbox 2054 815 2246 852; x_wconf 86' lang='lat' dir='ltr'>corru-</span> 
     </span>
     <span class='ocr_line' id='line_1_8' title="bbox 209 873 2271 954; baseline -0.001 -21"><span class='ocrx_word' id='word_1_68' title='bbox 209 892 445 954; x_wconf 88' lang='lat' dir='ltr'>ptumve</span> <span class='ocrx_word' id='word_1_69' title='bbox 476 874 540 932; x_wconf 87' lang='lat' dir='ltr'>ad</span> <span class='ocrx_word' id='word_1_70' title='bbox 571 873 737 932; x_wconf 67' lang='lat' dir='ltr'>(celus</span> <span class='ocrx_word' id='word_1_71' title='bbox 767 878 1017 951; x_wconf 86' lang='lat' dir='ltr'>pecuniis</span> <span class='ocrx_word' id='word_1_72' title='bbox 1048 878 1304 934; x_wconf 87' lang='lat' dir='ltr'>animum</span> <span class='ocrx_word' id='word_1_73' title='bbox 1337 879 1604 936; x_wconf 83' lang='lat' dir='ltr'>dicerent.</span> <span class='ocrx_word' id='word_1_74' title='bbox 1648 881 1840 934; x_wconf 88' lang='lat' dir='ltr'>Unum</span> <span class='ocrx_word' id='word_1_75' title='bbox 1861 876 2001 933; x_wconf 79' lang='lat' dir='ltr'>iilud</span> <span class='ocrx_word' id='word_1_76' title='bbox 2014 874 2271 932; x_wconf 80' lang='lat' dir='ltr'>&#39;mortuo-</span> 
     </span>
     <span class='ocr_line' id='line_1_9' title="bbox 210 953 2249 1033; baseline 0 -23"><span class='ocrx_word' id='word_1_77' title='bbox 210 953 1044 1032; x_wconf 47' lang='lat' dir='ltr'>objiciebatur,-familiaritatem</span> <span class='ocrx_word' id='word_1_78' title='bbox 1056 974 1189 1013; x_wconf 89' lang='lat' dir='ltr'>cum</span> <span class='ocrx_word' id='word_1_79' title='bbox 1206 956 1508 1014; x_wconf 83' lang='lat' dir='ltr'>Timandra</span> <span class='ocrx_word' id='word_1_80' title='bbox 1524 998 1541 1023; x_wconf 89' lang='lat'><strong>,</strong></span> <span class='ocrx_word' id='word_1_81' title='bbox 1556 958 1859 1033; x_wconf 82' lang='lat' dir='ltr'>imaginem</span> <span class='ocrx_word' id='word_1_82' title='bbox 1882 954 2141 1029; x_wconf 84' lang='lat' dir='ltr'>Liphippi</span> <span class='ocrx_word' id='word_1_83' title='bbox 2162 955 2249 1010; x_wconf 87' lang='lat' dir='ltr'>in-</span> 
     </span>
     <span class='ocr_line' id='line_1_10' title="bbox 212 1031 2251 1112; baseline -0 -21"><span class='ocrx_word' id='word_1_84' title='bbox 212 1048 298 1091; x_wconf 84' lang='lat' dir='ltr'>tra</span> <span class='ocrx_word' id='word_1_85' title='bbox 315 1034 479 1090; x_wconf 84' lang='lat' dir='ltr'>vestes</span> <span class='ocrx_word' id='word_1_86' title='bbox 493 1035 777 1091; x_wconf 86' lang='lat' dir='ltr'>inventam</span> <span class='ocrx_word' id='word_1_87' title='bbox 799 1072 814 1098; x_wconf 81' lang='grc'><strong>.</strong></span> <span class='ocrx_word' id='word_1_88' title='bbox 851 1037 906 1092; x_wconf 73' lang='lat'>8&lt;</span> <span class='ocrx_word' id='word_1_89' title='bbox 938 1035 1091 1112; x_wconf 88' lang='lat' dir='ltr'>quod</span> <span class='ocrx_word' id='word_1_90' title='bbox 1123 1036 1269 1093; x_wconf 89' lang='lat' dir='ltr'>inter</span> <span class='ocrx_word' id='word_1_91' title='bbox 1298 1048 1396 1102; x_wconf 79' lang='lat' dir='ltr'>tot</span> <span class='ocrx_word' id='word_1_92' title='bbox 1420 1037 1652 1094; x_wconf 77' lang='lat' dir='ltr'>larvatos</span> <span class='ocrx_word' id='word_1_93' title='bbox 1668 1035 1881 1093; x_wconf 74' lang='lat' dir='ltr'>iberico</span> <span class='ocrx_word' id='word_1_94' title='bbox 1901 1035 2090 1089; x_wconf 86' lang='lat' dir='ltr'>habitu</span> <span class='ocrx_word' id='word_1_95' title='bbox 2108 1031 2251 1090; x_wconf 84' lang='lat' dir='ltr'>visus</span> 
     </span>
     <span class='ocr_line' id='line_1_11' title="bbox 215 1109 2251 1188; baseline 0 -19"><span class='ocrx_word' id='word_1_96' title='bbox 215 1112 345 1170; x_wconf 78' lang='lat' dir='ltr'>effet</span> <span class='ocrx_word' id='word_1_97' title='bbox 359 1113 419 1169; x_wconf 89' lang='lat' dir='ltr'>in</span> <span class='ocrx_word' id='word_1_98' title='bbox 438 1111 794 1170; x_wconf 82' lang='lat' dir='ltr'>celeberrima</span> <span class='ocrx_word' id='word_1_99' title='bbox 810 1109 1108 1171; x_wconf 78' lang='lat' dir='ltr'>saltatione.</span> <span class='ocrx_word' id='word_1_100' title='bbox 1150 1115 1390 1179; x_wconf 76' lang='lat' dir='ltr'>CunCta,</span> <span class='ocrx_word' id='word_1_101' title='bbox 1405 1116 1443 1172; x_wconf 83' lang='lat' dir='ltr'>fi</span> <span class='ocrx_word' id='word_1_102' title='bbox 1461 1113 1718 1172; x_wconf 83' lang='lat' dir='ltr'>abfuiffet</span> <span class='ocrx_word' id='word_1_103' title='bbox 1734 1113 1956 1178; x_wconf 82' lang='lat' dir='ltr'>invidia,</span> <span class='ocrx_word' id='word_1_104' title='bbox 1975 1113 2064 1168; x_wconf 84' lang='lat' dir='ltr'>vix</span> <span class='ocrx_word' id='word_1_105' title='bbox 2081 1112 2135 1167; x_wconf 92' lang='lat' dir='ltr'>di</span> <span class='ocrx_word' id='word_1_106' title='bbox 2141 1130 2251 1188; x_wconf 79' lang='lat' dir='ltr'>gna</span> 
     </span>
     <span class='ocr_line' id='line_1_12' title="bbox 209 1189 2249 1269; baseline 0 -21"><span class='ocrx_word' id='word_1_107' title='bbox 209 1191 703 1268; x_wconf 80' lang='lat' dir='ltr'>levicastigatione.</span> <span class='ocrx_word' id='word_1_108' title='bbox 752 1191 854 1248; x_wconf 87' lang='lat' dir='ltr'>Sed</span> <span class='ocrx_word' id='word_1_109' title='bbox 885 1193 1199 1250; x_wconf 82' lang='lat' dir='ltr'>Enedrevus</span> <span class='ocrx_word' id='word_1_110' title='bbox 1226 1193 1527 1269; x_wconf 85' lang='lat' dir='ltr'>Typhonis</span> <span class='ocrx_word' id='word_1_111' title='bbox 1553 1193 1733 1268; x_wconf 89' lang='lat' dir='ltr'>gratia</span> <span class='ocrx_word' id='word_1_112' title='bbox 1760 1190 2018 1248; x_wconf 86' lang='lat' dir='ltr'>subnixus</span> <span class='ocrx_word' id='word_1_113' title='bbox 2037 1189 2249 1266; x_wconf 67' lang='lat' dir='ltr'>singula</span> 
     </span>
     <span class='ocr_line' id='line_1_13' title="bbox 213 1268 2253 1334; baseline -0.001 -7"><span class='ocrx_word' id='word_1_114' title='bbox 213 1271 275 1327; x_wconf 89' lang='lat' dir='ltr'>in</span> <span class='ocrx_word' id='word_1_115' title='bbox 290 1270 524 1327; x_wconf 76' lang='lat' dir='ltr'>deterius</span> <span class='ocrx_word' id='word_1_116' title='bbox 544 1268 806 1328; x_wconf 87' lang='lat' dir='ltr'>vertebat.</span> <span class='ocrx_word' id='word_1_117' title='bbox 862 1272 1011 1329; x_wconf 86' lang='lat' dir='ltr'>Hinc</span> <span class='ocrx_word' id='word_1_118' title='bbox 1042 1269 1216 1328; x_wconf 85' lang='lat' dir='ltr'>inscio</span> <span class='ocrx_word' id='word_1_119' title='bbox 1234 1271 1806 1329; x_wconf 73' lang='lat' dir='ltr'>Clodovaeo.taucibus</span> <span class='ocrx_word' id='word_1_120' title='bbox 1816 1270 1998 1334; x_wconf 75' lang='lat' dir='ltr'>oblisis</span> <span class='ocrx_word' id='word_1_121' title='bbox 2011 1271 2253 1327; x_wconf 87' lang='lat' dir='ltr'>Timan-</span> 
     </span>
     <span class='ocr_line' id='line_1_14' title="bbox 214 1348 1792 1423; baseline 0.003 -17"><span class='ocrx_word' id='word_1_122' title='bbox 214 1349 311 1406; x_wconf 89' lang='lat' dir='ltr'>dra</span> <span class='ocrx_word' id='word_1_123' title='bbox 326 1366 458 1405; x_wconf 88' lang='lat' dir='ltr'>cum</span> <span class='ocrx_word' id='word_1_124' title='bbox 477 1348 543 1423; x_wconf 81' lang='lat' dir='ltr'>Aj</span> <span class='ocrx_word' id='word_1_125' title='bbox 550 1349 655 1404; x_wconf 85' lang='lat' dir='ltr'>acis</span> <span class='ocrx_word' id='word_1_126' title='bbox 668 1348 922 1407; x_wconf 83' lang='lat' dir='ltr'>cadavere</span> <span class='ocrx_word' id='word_1_127' title='bbox 938 1350 1222 1408; x_wconf 88' lang='lat' dir='ltr'>deturbata</span> <span class='ocrx_word' id='word_1_128' title='bbox 1236 1352 1296 1406; x_wconf 91' lang='lat' dir='ltr'>in</span> <span class='ocrx_word' id='word_1_129' title='bbox 1313 1351 1634 1408; x_wconf 86' lang='lat' dir='ltr'>Gemonias.</span> <span class='ocrx_word' id='word_1_130' title='bbox 1785 1404 1792 1411; x_wconf 92' lang='lat'>.</span> 
     </span>
    </p>

    <p class='ocr_par' dir='ltr' id='par_1_2' title="bbox 161 1424 2267 2067">
     <span class='ocr_line' id='line_1_15' title="bbox 294 1424 2250 1506; baseline -0.001 -21"><span class='ocrx_word' id='word_1_131' title='bbox 294 1429 370 1485; x_wconf 80' lang='lat' dir='ltr'>At</span> <span class='ocrx_word' id='word_1_132' title='bbox 382 1424 989 1486; x_wconf 54' lang='lat' dir='ltr'>Tolmitesz-Monasonis</span> <span class='ocrx_word' id='word_1_133' title='bbox 1003 1429 1171 1486; x_wconf 84' lang='lat' dir='ltr'>frater</span> <span class='ocrx_word' id='word_1_134' title='bbox 1186 1428 1527 1503; x_wconf 86' lang='lat' dir='ltr'>exasperatus</span> <span class='ocrx_word' id='word_1_135' title='bbox 1552 1427 1819 1506; x_wconf 83' lang='lat' dir='ltr'>supplicio</span> <span class='ocrx_word' id='word_1_136' title='bbox 1849 1426 2134 1505; x_wconf 83' lang='lat' dir='ltr'>profratris</span> <span class='ocrx_word' id='word_1_137' title='bbox 2147 1466 2163 1490; x_wconf 93' lang='lat'>‚</span> <span class='ocrx_word' id='word_1_138' title='bbox 2192 1430 2250 1484; x_wconf 66' lang='grc' dir='ltr'>ὃς</span> 
     </span>
     <span class='ocr_line' id='line_1_16' title="bbox 216 1505 2259 1583; baseline -0.002 -19"><span class='ocrx_word' id='word_1_139' title='bbox 216 1506 570 1564; x_wconf 84' lang='lat' dir='ltr'>imminentis</span> <span class='ocrx_word' id='word_1_140' title='bbox 583 1506 746 1563; x_wconf 76' lang='lat' dir='ltr'>exitii</span> <span class='ocrx_word' id='word_1_141' title='bbox 761 1506 1077 1583; x_wconf 86' lang='lat' dir='ltr'>intelligens</span> <span class='ocrx_word' id='word_1_142' title='bbox 1091 1505 1133 1563; x_wconf 77' lang='lat' dir='ltr'>si</span> <span class='ocrx_word' id='word_1_143' title='bbox 1146 1505 1451 1583; x_wconf 86' lang='lat' dir='ltr'>negligeret</span> <span class='ocrx_word' id='word_1_144' title='bbox 1482 1508 1689 1566; x_wconf 81' lang='lat' dir='ltr'>bonam</span> <span class='ocrx_word' id='word_1_145' title='bbox 1722 1523 1964 1567; x_wconf 89' lang='lat' dir='ltr'>mortem</span> <span class='ocrx_word' id='word_1_146' title='bbox 1985 1547 2002 1571; x_wconf 89' lang='lat'>‚</span> <span class='ocrx_word' id='word_1_147' title='bbox 2035 1505 2259 1581; x_wconf 59' lang='lat' dir='ltr'>juravit*-</span> 
     </span>
     <span class='ocr_line' id='line_1_17' title="bbox 212 1582 2265 1663; baseline -0.001 -21"><span class='ocrx_word' id='word_1_148' title='bbox 212 1583 270 1642; x_wconf 73' lang='lat' dir='ltr'>st·</span> <span class='ocrx_word' id='word_1_149' title='bbox 286 1584 482 1641; x_wconf 88' lang='lat' dir='ltr'>omnia</span> <span class='ocrx_word' id='word_1_150' title='bbox 494 1583 679 1657; x_wconf 59' lang='lat' dir='ltr'>potius</span> <span class='ocrx_word' id='word_1_151' title='bbox 692 1583 1058 1641; x_wconf 78' lang='lat' dir='ltr'>toleraturum</span> <span class='ocrx_word' id='word_1_152' title='bbox 1073 1602 1241 1661; x_wconf 85' lang='lat' dir='ltr'>quam</span> <span class='ocrx_word' id='word_1_153' title='bbox 1260 1584 1312 1643; x_wconf 85' lang='lat' dir='ltr'>se</span> <span class='ocrx_word' id='word_1_154' title='bbox 1328 1583 1674 1645; x_wconf 87' lang='lat' dir='ltr'>summittere</span> <span class='ocrx_word' id='word_1_155' title='bbox 1690 1605 1787 1663; x_wconf 85' lang='lat' dir='ltr'>per</span> <span class='ocrx_word' id='word_1_156' title='bbox 1801 1586 2102 1644; x_wconf 85' lang='lat' dir='ltr'>execranda</span> <span class='ocrx_word' id='word_1_157' title='bbox 2117 1582 2265 1640; x_wconf 86' lang='lat' dir='ltr'>faci·-</span> 
     </span>
     <span class='ocr_line' id='line_1_18' title="bbox 219 1659 2263 1741; baseline -0.002 -20"><span class='ocrx_word' id='word_1_158' title='bbox 219 1681 360 1721; x_wconf 88' lang='lat' dir='ltr'>nora</span> <span class='ocrx_word' id='word_1_159' title='bbox 390 1659 628 1737; x_wconf 84' lang='lat' dir='ltr'>quaefitae</span> <span class='ocrx_word' id='word_1_160' title='bbox 659 1662 947 1720; x_wconf 85' lang='lat' dir='ltr'>Enedrevo</span> <span class='ocrx_word' id='word_1_161' title='bbox 976 1662 1271 1722; x_wconf 87' lang='lat' dir='ltr'>foelicitati.</span> <span class='ocrx_word' id='word_1_162' title='bbox 1315 1664 1554 1723; x_wconf 77' lang='lat' dir='ltr'>Potuisse</span> <span class='ocrx_word' id='word_1_163' title='bbox 1571 1684 1700 1724; x_wconf 87' lang='lat' dir='ltr'>eum</span> <span class='ocrx_word' id='word_1_164' title='bbox 1718 1684 1814 1741; x_wconf 88' lang='lat' dir='ltr'>per</span> <span class='ocrx_word' id='word_1_165' title='bbox 1829 1664 2010 1723; x_wconf 86' lang='lat' dir='ltr'>oscula</span> <span class='ocrx_word' id='word_1_166' title='bbox 2026 1666 2081 1721; x_wconf 86' lang='lat'>&amp;</span> <span class='ocrx_word' id='word_1_167' title='bbox 2095 1679 2263 1719; x_wconf 76' lang='lat' dir='ltr'>com-</span> 
     </span>
     <span class='ocr_line' id='line_1_19' title="bbox 161 1736 2267 1819; baseline -0 -23"><span class='ocrx_word' id='word_1_168' title='bbox 161 1743 166 1759; x_wconf 75' lang='lat'><em>*</em></span> <span class='ocrx_word' id='word_1_169' title='bbox 220 1741 415 1816; x_wconf 81' lang='lat' dir='ltr'>plexus</span> <span class='ocrx_word' id='word_1_170' title='bbox 429 1736 644 1796; x_wconf 80' lang='lat' dir='ltr'>infidias</span> <span class='ocrx_word' id='word_1_171' title='bbox 661 1738 775 1797; x_wconf 85' lang='lat' dir='ltr'>suas</span> <span class='ocrx_word' id='word_1_172' title='bbox 792 1742 1334 1819; x_wconf 82' lang='lat' dir='ltr'>tegere,jampridem</span> <span class='ocrx_word' id='word_1_173' title='bbox 1352 1745 1526 1801; x_wconf 84' lang='lat' dir='ltr'>aulica</span> <span class='ocrx_word' id='word_1_174' title='bbox 1541 1743 1933 1802; x_wconf 87' lang='lat' dir='ltr'>consuetudine</span> <span class='ocrx_word' id='word_1_175' title='bbox 1947 1742 2267 1800; x_wconf 83' lang='lat' dir='ltr'>exercitum</span> 
     </span>
     <span class='ocr_line' id='line_1_20' title="bbox 218 1816 2258 1899; baseline -0.001 -24"><span class='ocrx_word' id='word_1_176' title='bbox 218 1816 395 1876; x_wconf 83' lang='lat' dir='ltr'>celare</span> <span class='ocrx_word' id='word_1_177' title='bbox 427 1817 625 1874; x_wconf 88' lang='lat' dir='ltr'>odium</span> <span class='ocrx_word' id='word_1_178' title='bbox 661 1817 943 1878; x_wconf 81' lang='lat' dir='ltr'>fallacibus</span> <span class='ocrx_word' id='word_1_179' title='bbox 973 1820 1267 1879; x_wconf 82' lang='lat' dir='ltr'>blanditiis.</span> <span class='ocrx_word' id='word_1_180' title='bbox 1328 1822 1553 1897; x_wconf 77' lang='lat' dir='ltr'>Ajacem</span> <span class='ocrx_word' id='word_1_181' title='bbox 1584 1824 1759 1897; x_wconf 83' lang='lat' dir='ltr'>pridie</span> <span class='ocrx_word' id='word_1_182' title='bbox 1785 1841 1953 1899; x_wconf 87' lang='lat' dir='ltr'>quam</span> <span class='ocrx_word' id='word_1_183' title='bbox 1973 1829 2258 1877; x_wconf 80' lang='lat' dir='ltr'>necaretur</span> 
     </span>
     <span class='ocr_line' id='line_1_21' title="bbox 215 1895 2257 1975; baseline -0.002 -19"><span class='ocrx_word' id='word_1_184' title='bbox 215 1895 451 1956; x_wconf 79' lang='lat' dir='ltr'>coenaffe</span> <span class='ocrx_word' id='word_1_185' title='bbox 468 1897 611 1970; x_wconf 83' lang='lat' dir='ltr'>apud</span> <span class='ocrx_word' id='word_1_186' title='bbox 628 1896 972 1956; x_wconf 84' lang='lat' dir='ltr'>Enedrevum</span> <span class='ocrx_word' id='word_1_187' title='bbox 990 1938 1007 1964; x_wconf 87' lang='lat'><strong>,</strong></span> <span class='ocrx_word' id='word_1_188' title='bbox 1035 1901 1158 1975; x_wconf 87' lang='lat' dir='ltr'>post</span> <span class='ocrx_word' id='word_1_189' title='bbox 1170 1918 1394 1957; x_wconf 81' lang='lat' dir='ltr'>coenam</span> <span class='ocrx_word' id='word_1_190' title='bbox 1408 1901 1641 1960; x_wconf 77' lang='lat' dir='ltr'>induisse</span> <span class='ocrx_word' id='word_1_191' title='bbox 1650 1902 1887 1958; x_wconf 71' lang='lat' dir='ltr'>lber-icas</span> <span class='ocrx_word' id='word_1_192' title='bbox 1902 1903 2068 1957; x_wconf 81' lang='lat' dir='ltr'>vestes</span> <span class='ocrx_word' id='word_1_193' title='bbox 2083 1935 2100 1956; x_wconf 86' lang='lat'>‚</span> <span class='ocrx_word' id='word_1_194' title='bbox 2126 1896 2257 1974; x_wconf 90' lang='lat' dir='ltr'>qui·</span> 
     </span>
     <span class='ocr_line' id='line_1_22' title="bbox 210 1972 2256 2067; baseline -0.002 -33"><span class='ocrx_word' id='word_1_195' title='bbox 210 1977 319 2034; x_wconf 86' lang='lat' dir='ltr'>bus</span> <span class='ocrx_word' id='word_1_196' title='bbox 337 1994 434 2051; x_wconf 90' lang='lat' dir='ltr'>per</span> <span class='ocrx_word' id='word_1_197' title='bbox 447 1972 691 2033; x_wconf 83' lang='lat' dir='ltr'>famulos</span> <span class='ocrx_word' id='word_1_198' title='bbox 708 1975 830 2035; x_wconf 77' lang='lat' dir='ltr'>suos</span> <span class='ocrx_word' id='word_1_199' title='bbox 849 1978 1117 2056; x_wconf 82' lang='lat' dir='ltr'>Liphippi</span> <span class='ocrx_word' id='word_1_200' title='bbox 1133 1980 1442 2067; x_wconf 80' lang='lat' dir='ltr'>imaginem</span> <span class='ocrx_word' id='word_1_201' title='bbox 1466 1979 1681 2037; x_wconf 87' lang='lat' dir='ltr'>insuere</span> <span class='ocrx_word' id='word_1_202' title='bbox 1712 1981 1896 2054; x_wconf 88' lang='lat' dir='ltr'>potuit</span> <span class='ocrx_word' id='word_1_203' title='bbox 1915 1978 2256 2034; x_wconf 13' lang='lat' dir='ltr'>‘Enedrevun</span> 
     </span>
    </p>
   </div>
   <div class='ocr_carea' id='block_1_2' title="bbox 214 2054 2385 2135">
    <p class='ocr_par' dir='ltr' id='par_1_3' title="bbox 214 2054 2385 2135">
     <span class='ocr_line' id='line_1_23' title="bbox 214 2054 2385 2135; baseline -0.001 -21"><span class='ocrx_word' id='word_1_204' title='bbox 214 2056 501 2114; x_wconf 71' lang='lat' dir='ltr'>Hasteuus</span> <span class='ocrx_word' id='word_1_205' title='bbox 530 2054 821 2113; x_wconf 66' lang='lat' dir='ltr'>infr-astam</span> <span class='ocrx_word' id='word_1_206' title='bbox 852 2055 1010 2114; x_wconf 80' lang='lat' dir='ltr'>fuiss‘e</span> <span class='ocrx_word' id='word_1_207' title='bbox 1036 2058 1197 2133; x_wconf 50' lang='lat' dir='ltr'>&gt;Ajac1</span> <span class='ocrx_word' id='word_1_208' title='bbox 1223 2059 1546 2135; x_wconf 65' lang='lat' dir='ltr'>ergesprin&#39;ci</span> <span class='ocrx_word' id='word_1_209' title='bbox 1624 2057 1857 2116; x_wconf 75' lang='lat' dir='ltr'>msuum</span> <span class='ocrx_word' id='word_1_210' title='bbox 1877 2055 2044 2113; x_wconf 83' lang='lat' dir='ltr'>fidem</span> <span class='ocrx_word' id='word_1_211' title='bbox 2064 2092 2082 2115; x_wconf 83' lang='lat'>‚</span> <span class='ocrx_word' id='word_1_212' title='bbox 2113 2056 2171 2111; x_wconf 89' lang='lat' dir='ltr'>in</span> <span class='ocrx_word' id='word_1_213' title='bbox 2189 2072 2276 2110; x_wconf 90' lang='lat' dir='ltr'>eo-</span> <span class='ocrx_word' id='word_1_214' title='bbox 2375 2105 2385 2111; x_wconf 89' lang='lat'><strong>.</strong></span> 
     </span>
    </p>
   </div>
   <div class='ocr_carea' id='block_1_3' title="bbox 201 2133 2339 4016">
    <p class='ocr_par' dir='ltr' id='par_1_4' title="bbox 201 2133 2339 4016">
     <span class='ocr_line' id='line_1_24' title="bbox 216 2133 2339 2213; baseline -0.001 -20"><span class='ocrx_word' id='word_1_215' title='bbox 216 2137 498 2193; x_wconf 85' lang='lat' dir='ltr'>virtutum</span> <span class='ocrx_word' id='word_1_216' title='bbox 517 2135 573 2190; x_wconf 73' lang='grc' dir='ltr'>δι</span> <span class='ocrx_word' id='word_1_217' title='bbox 590 2134 970 2211; x_wconf 76' lang='lat' dir='ltr'>ingenuarum,</span> <span class='ocrx_word' id='word_1_218' title='bbox 980 2136 1185 2192; x_wconf 89' lang='lat' dir='ltr'>artium</span> <span class='ocrx_word' id='word_1_219' title='bbox 1205 2134 1510 2213; x_wconf 55' lang='lat' dir='ltr'>perfectam</span> <span class='ocrx_word' id='word_1_220' title='bbox 1557 2137 1688 2194; x_wconf 84' lang='lat' dir='ltr'>uiffe</span> <span class='ocrx_word' id='word_1_221' title='bbox 1702 2135 2091 2193; x_wconf 53' lang='lat' dir='ltr'>collectionem</span> <span class='ocrx_word' id='word_1_222' title='bbox 2111 2171 2126 2192; x_wconf 85' lang='lat'>‚</span> <span class='ocrx_word' id='word_1_223' title='bbox 2164 2133 2266 2190; x_wconf 86' lang='lat' dir='ltr'>in-</span> <span class='ocrx_word' id='word_1_224' title='bbox 2330 2165 2339 2176; x_wconf 42' lang='grc' dir='ltr'>κ</span> 
     </span>
     <span class='ocr_line' id='line_1_25' title="bbox 216 2210 2269 2293; baseline -0.002 -21"><span class='ocrx_word' id='word_1_225' title='bbox 216 2233 328 2293; x_wconf 88' lang='lat' dir='ltr'>que</span> <span class='ocrx_word' id='word_1_226' title='bbox 342 2211 516 2269; x_wconf 76' lang='lat' dir='ltr'>cultas</span> <span class='ocrx_word' id='word_1_227' title='bbox 531 2211 756 2270; x_wconf 84' lang='lat' dir='ltr'>urbium</span> <span class='ocrx_word' id='word_1_228' title='bbox 770 2211 1346 2278; x_wconf 85' lang='lat' dir='ltr'>infidias,incultarum</span> <span class='ocrx_word' id='word_1_229' title='bbox 1366 2214 1623 2272; x_wconf 83' lang='lat' dir='ltr'>villarum</span> <span class='ocrx_word' id='word_1_230' title='bbox 1641 2215 1997 2272; x_wconf 80' lang='lat' dir='ltr'>intaminatus</span> <span class='ocrx_word' id='word_1_231' title='bbox 2013 2210 2269 2277; x_wconf 31' lang='lat' dir='ltr'>affl-&amp;usa</span> 
     </span>
     <span class='ocr_line' id='line_1_26' title="bbox 221 2291 2260 2369; baseline -0.004 -15"><span class='ocrx_word' id='word_1_232' title='bbox 221 2299 282 2354; x_wconf 76' lang='lat'>&amp;-</span> <span class='ocrx_word' id='word_1_233' title='bbox 309 2292 606 2368; x_wconf 83' lang='lat' dir='ltr'>ingenium</span> <span class='ocrx_word' id='word_1_234' title='bbox 635 2291 702 2349; x_wconf 84' lang='lat' dir='ltr'>ad</span> <span class='ocrx_word' id='word_1_235' title='bbox 718 2291 860 2349; x_wconf 88' lang='lat' dir='ltr'>bo&#39;na</span> <span class='ocrx_word' id='word_1_236' title='bbox 875 2306 1089 2350; x_wconf 87' lang='lat' dir='ltr'>natum.</span> <span class='ocrx_word' id='word_1_237' title='bbox 1151 2296 1379 2368; x_wconf 88' lang='lat' dir='ltr'>Semper</span> <span class='ocrx_word' id='word_1_238' title='bbox 1393 2293 1601 2369; x_wconf 86' lang='lat' dir='ltr'>aliquid</span> <span class='ocrx_word' id='word_1_239' title='bbox 1619 2293 1818 2349; x_wconf 83' lang='lat' dir='ltr'>habere</span> <span class='ocrx_word' id='word_1_240' title='bbox 1830 2311 1898 2347; x_wconf 87' lang='lat' dir='ltr'>ex</span> <span class='ocrx_word' id='word_1_241' title='bbox 1916 2292 2111 2367; x_wconf 86' lang='lat' dir='ltr'>iniquo</span> <span class='ocrx_word' id='word_1_242' title='bbox 2126 2309 2260 2346; x_wconf 86' lang='lat' dir='ltr'>om-</span> 
     </span>
     <span class='ocr_line' id='line_1_27' title="bbox 219 2369 2255 2448; baseline -0.002 -20"><span class='ocrx_word' id='word_1_243' title='bbox 219 2389 353 2428; x_wconf 78' lang='lat' dir='ltr'>nem</span> <span class='ocrx_word' id='word_1_244' title='bbox 372 2370 775 2443; x_wconf 79' lang='lat' dir='ltr'>necemjuffam</span> <span class='ocrx_word' id='word_1_245' title='bbox 792 2384 884 2428; x_wconf 87' lang='lat' dir='ltr'>aut</span> <span class='ocrx_word' id='word_1_246' title='bbox 900 2384 1265 2448; x_wconf 83' lang='lat' dir='ltr'>perpetratam</span> <span class='ocrx_word' id='word_1_247' title='bbox 1283 2372 1359 2428; x_wconf 88' lang='lat' dir='ltr'>de.</span> <span class='ocrx_word' id='word_1_248' title='bbox 1371 2373 1534 2429; x_wconf 61' lang='lat' dir='ltr'>nocte</span> <span class='ocrx_word' id='word_1_249' title='bbox 1551 2411 1567 2435; x_wconf 92' lang='lat'>‚</span> <span class='ocrx_word' id='word_1_250' title='bbox 1598 2370 1709 2428; x_wconf 77' lang='lat' dir='ltr'>fine</span> <span class='ocrx_word' id='word_1_251' title='bbox 1741 2371 1952 2448; x_wconf 88' lang='lat' dir='ltr'>legibus</span> <span class='ocrx_word' id='word_1_252' title='bbox 1971 2409 1986 2433; x_wconf 93' lang='lat'><strong>,</strong></span> <span class='ocrx_word' id='word_1_253' title='bbox 2011 2369 2124 2426; x_wconf 82' lang='lat' dir='ltr'>fine</span> <span class='ocrx_word' id='word_1_254' title='bbox 2157 2370 2255 2424; x_wconf 89' lang='lat' dir='ltr'>de-</span> 
     </span>
     <span class='ocr_line' id='line_1_28' title="bbox 221 2448 2252 2523; baseline -0.003 -16"><span class='ocrx_word' id='word_1_255' title='bbox 221 2448 488 2507; x_wconf 80' lang='lat' dir='ltr'>fenfione.</span> <span class='ocrx_word' id='word_1_256' title='bbox 547 2449 747 2521; x_wconf 86' lang='lat' dir='ltr'>Neque</span> <span class='ocrx_word' id='word_1_257' title='bbox 771 2455 885 2520; x_wconf 79' lang='lat' dir='ltr'>jam</span> <span class='ocrx_word' id='word_1_258' title='bbox 916 2451 1155 2506; x_wconf 89' lang='lat' dir='ltr'>dubium</span> <span class='ocrx_word' id='word_1_259' title='bbox 1183 2467 1296 2506; x_wconf 83' lang='lat' dir='ltr'>erat</span> <span class='ocrx_word' id='word_1_260' title='bbox 1321 2451 1588 2507; x_wconf 85' lang='lat' dir='ltr'>Enedrevi</span> <span class='ocrx_word' id='word_1_261' title='bbox 1625 2448 1813 2506; x_wconf 84' lang='lat' dir='ltr'>fraude</span> <span class='ocrx_word' id='word_1_262' title='bbox 1845 2452 2252 2523; x_wconf 85' lang='lat' dir='ltr'>interemptum</span> 
     </span>
     <span class='ocr_line' id='line_1_29' title="bbox 225 2525 2269 2604; baseline -0.003 -19"><span class='ocrx_word' id='word_1_263' title='bbox 225 2529 477 2603; x_wconf 78' lang='lat' dir='ltr'>Ajacem.</span> <span class='ocrx_word' id='word_1_264' title='bbox 521 2529 713 2599; x_wconf 65' lang='lat' dir='ltr'>ltaque</span> <span class='ocrx_word' id='word_1_265' title='bbox 730 2529 998 2581; x_wconf 57' lang='lat' dir='ltr'>Tulmitcs</span> <span class='ocrx_word' id='word_1_266' title='bbox 1014 2529 1096 2601; x_wconf 64' lang='lat' dir='ltr'>spe</span> <span class='ocrx_word' id='word_1_267' title='bbox 1110 2549 1158 2581; x_wconf 76' lang='lat' dir='ltr'>m</span> <span class='ocrx_word' id='word_1_268' title='bbox 1180 2531 1236 2583; x_wconf 75' lang='lat'>{11</span> <span class='ocrx_word' id='word_1_269' title='bbox 1255 2528 1455 2586; x_wconf 78' lang='lat' dir='ltr'>virtute</span> <span class='ocrx_word' id='word_1_270' title='bbox 1470 2526 1559 2585; x_wconf 85' lang='lat' dir='ltr'>sua</span> <span class='ocrx_word' id='word_1_271' title='bbox 1576 2544 1787 2604; x_wconf 84' lang='lat' dir='ltr'>ponens</span> <span class='ocrx_word' id='word_1_272' title='bbox 1803 2564 1819 2586; x_wconf 72' lang='lat'><em>2</em></span> <span class='ocrx_word' id='word_1_273' title='bbox 1850 2531 1905 2584; x_wconf 86' lang='lat'>&amp;</span> <span class='ocrx_word' id='word_1_274' title='bbox 1934 2525 2158 2583; x_wconf 85' lang='lat' dir='ltr'>salutem</span> <span class='ocrx_word' id='word_1_275' title='bbox 2193 2526 2269 2579; x_wconf 80' lang='lat' dir='ltr'>in·</span> 
     </span>
     <span class='ocr_line' id='line_1_30' title="bbox 223 2600 2260 2683; baseline -0.003 -21"><span class='ocrx_word' id='word_1_276' title='bbox 223 2606 475 2663; x_wconf 62' lang='lat' dir='ltr'>victoria,</span> <span class='ocrx_word' id='word_1_277' title='bbox 489 2605 507 2675; x_wconf 80' lang='lat' dir='ltr'>j</span> <span class='ocrx_word' id='word_1_278' title='bbox 522 2605 647 2655; x_wconf 68' lang='lat' dir='ltr'>ubet</span> <span class='ocrx_word' id='word_1_279' title='bbox 671 2623 757 2657; x_wconf 76' lang='lat' dir='ltr'>me</span> <span class='ocrx_word' id='word_1_280' title='bbox 775 2605 1038 2675; x_wconf 56' lang='lat' dir='ltr'>appellare</span> <span class='ocrx_word' id='word_1_281' title='bbox 1058 2607 1200 2659; x_wconf 52' lang='lat' dir='ltr'>Eucti</span> <span class='ocrx_word' id='word_1_282' title='bbox 1214 2625 1398 2662; x_wconf 53' lang='lat' dir='ltr'>fevum</span> <span class='ocrx_word' id='word_1_283' title='bbox 1416 2608 1481 2663; x_wconf 88' lang='lat' dir='ltr'>ad</span> <span class='ocrx_word' id='word_1_284' title='bbox 1500 2606 1767 2683; x_wconf 76' lang='lat' dir='ltr'>singulare</span> <span class='ocrx_word' id='word_1_285' title='bbox 1780 2620 2077 2661; x_wconf 82' lang='lat' dir='ltr'>certamen.</span> <span class='ocrx_word' id='word_1_286' title='bbox 2121 2600 2260 2658; x_wconf 66' lang='lat' dir='ltr'>Affi-</span> 
     </span>
     <span class='ocr_line' id='line_1_31' title="bbox 219 2680 2260 2758; baseline -0.003 -17"><span class='ocrx_word' id='word_1_287' title='bbox 219 2684 394 2746; x_wconf 80' lang='lat' dir='ltr'>stebat</span> <span class='ocrx_word' id='word_1_288' title='bbox 410 2682 460 2735; x_wconf 91' lang='lat' dir='ltr'>ei</span> <span class='ocrx_word' id='word_1_289' title='bbox 481 2681 705 2737; x_wconf 59' lang='lat' dir='ltr'>*sai-lias,</span> <span class='ocrx_word' id='word_1_290' title='bbox 727 2686 823 2754; x_wconf 77' lang='lat' dir='ltr'>qui</span> <span class='ocrx_word' id='word_1_291' title='bbox 844 2683 1050 2738; x_wconf 75' lang='lat' dir='ltr'>dudum</span> <span class='ocrx_word' id='word_1_292' title='bbox 1070 2690 1118 2736; x_wconf 76' lang='lat' dir='ltr'>T</span> <span class='ocrx_word' id='word_1_293' title='bbox 1168 2684 1365 2754; x_wconf 56' lang='lat' dir='ltr'>paonis</span> <span class='ocrx_word' id='word_1_294' title='bbox 1391 2685 1731 2742; x_wconf 82' lang='lat' dir='ltr'>voluntatem</span> <span class='ocrx_word' id='word_1_295' title='bbox 1752 2681 2020 2741; x_wconf 84' lang='lat' dir='ltr'>veneficio</span> <span class='ocrx_word' id='word_1_296' title='bbox 2036 2680 2260 2758; x_wconf 76' lang='lat' dir='ltr'>qnaesre·</span> 
     </span>
     <span class='ocr_line' id='line_1_32' title="bbox 224 2756 2256 2840; baseline -0.007 -22"><span class='ocrx_word' id='word_1_297' title='bbox 224 2776 309 2818; x_wconf 77' lang='lat' dir='ltr'>rat</span> <span class='ocrx_word' id='word_1_298' title='bbox 328 2787 365 2829; x_wconf 79' lang='lat'>3-</span> <span class='ocrx_word' id='word_1_299' title='bbox 387 2758 481 2815; x_wconf 78' lang='lat' dir='ltr'>hic</span> <span class='ocrx_word' id='word_1_300' title='bbox 497 2756 681 2812; x_wconf 71' lang='lat' dir='ltr'>casnm</span> <span class='ocrx_word' id='word_1_301' title='bbox 701 2760 930 2814; x_wconf 70' lang='lat' dir='ltr'>eundem</span> <span class='ocrx_word' id='word_1_302' title='bbox 954 2782 1078 2816; x_wconf 67' lang='lat' dir='ltr'>cuni</span> <span class='ocrx_word' id='word_1_303' title='bbox 1102 2764 1378 2818; x_wconf 69' lang='lat' dir='ltr'>Enedrevo</span> <span class='ocrx_word' id='word_1_304' title='bbox 1392 2763 1669 2840; x_wconf 86' lang='lat' dir='ltr'>poposcit,</span> <span class='ocrx_word' id='word_1_305' title='bbox 1685 2762 1923 2820; x_wconf 81' lang='lat' dir='ltr'>deformi</span> <span class='ocrx_word' id='word_1_306' title='bbox 1943 2759 2256 2817; x_wconf 70' lang='lat' dir='ltr'>humanita-</span> 
     </span>
     <span class='ocr_line' id='line_1_33' title="bbox 222 2834 2267 2918; baseline -0.001 -22"><span class='ocrx_word' id='word_1_307' title='bbox 222 2839 292 2896; x_wconf 85' lang='lat' dir='ltr'>tis</span> <span class='ocrx_word' id='word_1_308' title='bbox 303 2841 433 2914; x_wconf 84' lang='lat' dir='ltr'>jnre</span> <span class='ocrx_word' id='word_1_309' title='bbox 447 2874 464 2900; x_wconf 88' lang='lat'>,</span> <span class='ocrx_word' id='word_1_310' title='bbox 498 2838 657 2912; x_wconf 82' lang='lat' dir='ltr'>quod</span> <span class='ocrx_word' id='word_1_311' title='bbox 672 2856 785 2896; x_wconf 86' lang='lat' dir='ltr'>nos,</span> <span class='ocrx_word' id='word_1_312' title='bbox 805 2842 927 2895; x_wconf 77' lang='lat' dir='ltr'>vitae</span> <span class='ocrx_word' id='word_1_313' title='bbox 937 2841 1260 2898; x_wconf 84' lang='lat' dir='ltr'>commodis</span> <span class='ocrx_word' id='word_1_314' title='bbox 1275 2837 1544 2916; x_wconf 61' lang='lat' dir='ltr'>sejunctos</span> <span class='ocrx_word' id='word_1_315' title='bbox 1564 2883 1580 2907; x_wconf 87' lang='lat'>‚</span> <span class='ocrx_word' id='word_1_316' title='bbox 1621 2842 1685 2899; x_wconf 87' lang='lat' dir='ltr'>ad</span> <span class='ocrx_word' id='word_1_317' title='bbox 1701 2843 1850 2899; x_wconf 88' lang='lat' dir='ltr'>idem</span> <span class='ocrx_word' id='word_1_318' title='bbox 1871 2858 2041 2918; x_wconf 83' lang='lat' dir='ltr'>genus</span> <span class='ocrx_word' id='word_1_319' title='bbox 2058 2834 2267 2895; x_wconf 75' lang='lat' dir='ltr'>mbrtis</span> 
     </span>
     <span class='ocr_line' id='line_1_34' title="bbox 226 2915 2256 2999; baseline 0 -25"><span class='ocrx_word' id='word_1_320' title='bbox 226 2930 403 2974; x_wconf 88' lang='lat' dir='ltr'>vocat.</span> <span class='ocrx_word' id='word_1_321' title='bbox 445 2915 688 2972; x_wconf 87' lang='lat' dir='ltr'>Ridebat</span> <span class='ocrx_word' id='word_1_322' title='bbox 718 2928 948 2992; x_wconf 89' lang='lat' dir='ltr'>uterque</span> <span class='ocrx_word' id='word_1_323' title='bbox 974 2918 1281 2994; x_wconf 82' lang='lat' dir='ltr'>periculum</span> <span class='ocrx_word' id='word_1_324' title='bbox 1298 2921 1362 2977; x_wconf 88' lang='lat' dir='ltr'>ad</span> <span class='ocrx_word' id='word_1_325' title='bbox 1395 2921 1546 2999; x_wconf 91' lang='lat' dir='ltr'>quod</span> <span class='ocrx_word' id='word_1_326' title='bbox 1575 2920 1890 2979; x_wconf 79' lang='lat' dir='ltr'>ducebatur.</span> <span class='ocrx_word' id='word_1_327' title='bbox 1951 2919 2055 2976; x_wconf 76' lang='lat' dir='ltr'>Sed</span> <span class='ocrx_word' id='word_1_328' title='bbox 2074 2937 2256 2994; x_wconf 87' lang='lat' dir='ltr'>neque</span> 
     </span>
     <span class='ocr_line' id='line_1_35' title="bbox 217 2993 2260 3061; baseline -0.002 -6"><span class='ocrx_word' id='word_1_329' title='bbox 217 2995 536 3055; x_wconf 79' lang='lat' dir='ltr'>Enedrevus</span> <span class='ocrx_word' id='word_1_330' title='bbox 551 3006 803 3052; x_wconf 83' lang='lat' dir='ltr'>naturam</span> <span class='ocrx_word' id='word_1_331' title='bbox 818 2993 971 3052; x_wconf 74' lang='lat' dir='ltr'>suam</span> <span class='ocrx_word' id='word_1_332' title='bbox 986 3013 1226 3057; x_wconf 79' lang='lat' dir='ltr'>exuerat,</span> <span class='ocrx_word' id='word_1_333' title='bbox 1241 2999 1393 3056; x_wconf 89' lang='lat' dir='ltr'>comi</span> <span class='ocrx_word' id='word_1_334' title='bbox 1408 2999 1735 3057; x_wconf 85' lang='lat' dir='ltr'>extrinsecus</span> <span class='ocrx_word' id='word_1_335' title='bbox 1748 3003 1806 3057; x_wconf 91' lang='lat' dir='ltr'>in</span> <span class='ocrx_word' id='word_1_336' title='bbox 1848 2998 1976 3056; x_wconf 88' lang='lat' dir='ltr'>enio</span> <span class='ocrx_word' id='word_1_337' title='bbox 1993 3037 2009 3061; x_wconf 93' lang='lat'>‚</span> <span class='ocrx_word' id='word_1_338' title='bbox 2044 3000 2097 3053; x_wconf 87' lang='lat'>&amp;</span> <span class='ocrx_word' id='word_1_339' title='bbox 2115 3015 2182 3052; x_wconf 88' lang='lat' dir='ltr'>eo</span> <span class='ocrx_word' id='word_1_340' title='bbox 2200 3015 2260 3051; x_wconf 80' lang='lat' dir='ltr'>e·-</span> 
     </span>
     <span class='ocr_line' id='line_1_36' title="bbox 216 3074 2257 3155; baseline -0.003 -22"><span class='ocrx_word' id='word_1_341' title='bbox 216 3075 666 3150; x_wconf 65' lang='lat' dir='ltr'>tiamjatstantius</span> <span class='ocrx_word' id='word_1_342' title='bbox 680 3074 1041 3151; x_wconf 83' lang='lat' dir='ltr'>generofiore,</span> <span class='ocrx_word' id='word_1_343' title='bbox 1058 3095 1173 3152; x_wconf 88' lang='lat' dir='ltr'>qno</span> <span class='ocrx_word' id='word_1_344' title='bbox 1189 3076 1398 3134; x_wconf 83' lang='lat' dir='ltr'>facilius</span> <span class='ocrx_word' id='word_1_345' title='bbox 1412 3091 1624 3155; x_wconf 73' lang='lat' dir='ltr'>tegeret</span> <span class='ocrx_word' id='word_1_346' title='bbox 1643 3098 1797 3134; x_wconf 85' lang='lat' dir='ltr'>novae</span> <span class='ocrx_word' id='word_1_347' title='bbox 1839 3077 2016 3134; x_wconf 83' lang='lat' dir='ltr'>raudis</span> <span class='ocrx_word' id='word_1_348' title='bbox 2032 3074 2257 3129; x_wconf 84' lang='lat' dir='ltr'>destina-</span> 
     </span>
     <span class='ocr_line' id='line_1_37' title="bbox 201 3151 2262 3231; baseline -0.001 -20"><span class='ocrx_word' id='word_1_349' title='bbox 201 3156 445 3212; x_wconf 56' lang='lat' dir='ltr'>tionem.</span> <span class='ocrx_word' id='word_1_350' title='bbox 458 3155 539 3211; x_wconf 85' lang='lat' dir='ltr'>Ac</span> <span class='ocrx_word' id='word_1_351' title='bbox 556 3155 743 3228; x_wconf 86' lang='lat' dir='ltr'>primo</span> <span class='ocrx_word' id='word_1_352' title='bbox 758 3151 1028 3212; x_wconf 86' lang='lat' dir='ltr'>Tolmitis</span> <span class='ocrx_word' id='word_1_353' title='bbox 1040 3157 1187 3231; x_wconf 85' lang='lat' dir='ltr'>quafi</span> <span class='ocrx_word' id='word_1_354' title='bbox 1202 3158 1365 3213; x_wconf 86' lang='lat' dir='ltr'>amici</span> <span class='ocrx_word' id='word_1_355' title='bbox 1383 3156 1631 3214; x_wconf 80' lang='lat' dir='ltr'>dextram</span> <span class='ocrx_word' id='word_1_356' title='bbox 1650 3176 1776 3213; x_wconf 89' lang='lat' dir='ltr'>com</span> <span class='ocrx_word' id='word_1_357' title='bbox 1786 3154 2262 3228; x_wconf 58' lang='lat' dir='ltr'>placatus-„juravit-¹</span> 
     </span>
     <span class='ocr_line' id='line_1_38' title="bbox 219 3227 2261 3305; baseline -0.002 -15"><span class='ocrx_word' id='word_1_358' title='bbox 219 3230 273 3290; x_wconf 85' lang='lat' dir='ltr'>se</span> <span class='ocrx_word' id='word_1_359' title='bbox 288 3233 434 3305; x_wconf 82' lang='lat' dir='ltr'>puris</span> <span class='ocrx_word' id='word_1_360' title='bbox 450 3231 705 3288; x_wconf 79' lang='lat' dir='ltr'>inanibus</span> <span class='ocrx_word' id='word_1_361' title='bbox 721 3232 787 3289; x_wconf 86' lang='lat' dir='ltr'>ad</span> <span class='ocrx_word' id='word_1_362' title='bbox 802 3232 1039 3290; x_wconf 84' lang='lat' dir='ltr'>invisum</span> <span class='ocrx_word' id='word_1_363' title='bbox 1058 3240 1338 3292; x_wconf 81' lang='lat' dir='ltr'>certamen</span> <span class='ocrx_word' id='word_1_364' title='bbox 1354 3237 1607 3292; x_wconf 85' lang='lat' dir='ltr'>accedere</span> <span class='ocrx_word' id='word_1_365' title='bbox 1624 3271 1639 3292; x_wconf 87' lang='lat'>.</span> <span class='ocrx_word' id='word_1_366' title='bbox 1657 3235 1820 3290; x_wconf 79' lang='lat' dir='ltr'>malle</span> <span class='ocrx_word' id='word_1_367' title='bbox 1835 3247 1886 3288; x_wconf 69' lang='lat' dir='ltr'>ta</span> <span class='ocrx_word' id='word_1_368' title='bbox 1894 3249 2022 3286; x_wconf 89' lang='lat' dir='ltr'>men</span> <span class='ocrx_word' id='word_1_369' title='bbox 2034 3227 2261 3286; x_wconf 86' lang='lat' dir='ltr'>sontem·</span> 
     </span>
     <span class='ocr_line' id='line_1_39' title="bbox 218 3307 2255 3388; baseline 0.003 -22"><span class='ocrx_word' id='word_1_370' title='bbox 218 3310 518 3366; x_wconf 78' lang='lat' dir='ltr'>existimari</span> <span class='ocrx_word' id='word_1_371' title='bbox 540 3328 708 3385; x_wconf 81' lang='lat' dir='ltr'>quarn</span> <span class='ocrx_word' id='word_1_372' title='bbox 728 3309 1047 3385; x_wconf 86' lang='lat' dir='ltr'>supplicem.</span> <span class='ocrx_word' id='word_1_373' title='bbox 1109 3315 1493 3388; x_wconf 78' lang='lat' dir='ltr'>Experiretut.</span> <span class='ocrx_word' id='word_1_374' title='bbox 1514 3311 1552 3367; x_wconf 82' lang='lat' dir='ltr'>fi</span> <span class='ocrx_word' id='word_1_375' title='bbox 1570 3312 1730 3368; x_wconf 85' lang='lat' dir='ltr'>venet</span> <span class='ocrx_word' id='word_1_376' title='bbox 1747 3352 1763 3375; x_wconf 68' lang='lat'><em>2</em></span> <span class='ocrx_word' id='word_1_377' title='bbox 1779 3310 2150 3366; x_wconf 66' lang='lat' dir='ltr'>innocentiam</span> <span class='ocrx_word' id='word_1_378' title='bbox 2169 3307 2255 3363; x_wconf 77' lang='grc'>10-</span> 
     </span>
     <span class='ocr_line' id='line_1_40' title="bbox 214 3387 2249 3466; baseline 0.001 -22"><span class='ocrx_word' id='word_1_379' title='bbox 214 3389 463 3465; x_wconf 58' lang='lat' dir='ltr'>quentis</span> <span class='ocrx_word' id='word_1_380' title='bbox 486 3404 837 3463; x_wconf 85' lang='lat' dir='ltr'>recepturum</span> <span class='ocrx_word' id='word_1_381' title='bbox 858 3387 909 3445; x_wconf 89' lang='lat' dir='ltr'>se</span> <span class='ocrx_word' id='word_1_382' title='bbox 925 3410 1077 3448; x_wconf 86' lang='lat' dir='ltr'>arma</span> <span class='ocrx_word' id='word_1_383' title='bbox 1095 3393 1149 3448; x_wconf 90' lang='lat' dir='ltr'>in</span> <span class='ocrx_word' id='word_1_384' title='bbox 1173 3392 1406 3450; x_wconf 87' lang='lat' dir='ltr'>tutelam</span> <span class='ocrx_word' id='word_1_385' title='bbox 1427 3389 1553 3447; x_wconf 90' lang='lat' dir='ltr'>fidei</span> <span class='ocrx_word' id='word_1_386' title='bbox 1572 3389 1677 3447; x_wconf 87' lang='lat' dir='ltr'>suae</span> <span class='ocrx_word' id='word_1_387' title='bbox 1693 3391 1910 3466; x_wconf 63' lang='lat' dir='ltr'>quoties</span> <span class='ocrx_word' id='word_1_388' title='bbox 1927 3389 2249 3464; x_wconf 77' lang='lat' dir='ltr'>provocanti</span> 
     </span>
     <span class='ocr_line' id='line_1_41' title="bbox 221 3465 2259 3544; baseline 0 -20"><span class='ocrx_word' id='word_1_389' title='bbox 221 3467 479 3544; x_wconf 87' lang='lat' dir='ltr'>placeret.</span> <span class='ocrx_word' id='word_1_390' title='bbox 522 3467 678 3522; x_wconf 86' lang='lat' dir='ltr'>Tum</span> <span class='ocrx_word' id='word_1_391' title='bbox 695 3465 931 3524; x_wconf 77' lang='lat' dir='ltr'>securior</span> <span class='ocrx_word' id='word_1_392' title='bbox 947 3470 1014 3526; x_wconf 92' lang='lat' dir='ltr'>de</span> <span class='ocrx_word' id='word_1_393' title='bbox 1030 3468 1287 3527; x_wconf 76' lang='lat' dir='ltr'>facilitate</span> <span class='ocrx_word' id='word_1_394' title='bbox 1299 3471 1592 3533; x_wconf 79' lang='lat' dir='ltr'>credentis,</span> <span class='ocrx_word' id='word_1_395' title='bbox 1611 3467 2117 3543; x_wconf 73' lang='lat' dir='ltr'>additamplexum‚</span> <span class='ocrx_word' id='word_1_396' title='bbox 2134 3485 2259 3544; x_wconf 81' lang='lat' dir='ltr'>quo,</span> 
     </span>
     <span class='ocr_line' id='line_1_42' title="bbox 208 3544 2257 3624; baseline -0.001 -20"><span class='ocrx_word' id='word_1_397' title='bbox 208 3545 519 3618; x_wconf 85' lang='lat' dir='ltr'>impeditus</span> <span class='ocrx_word' id='word_1_398' title='bbox 537 3544 643 3600; x_wconf 89' lang='lat' dir='ltr'>Tol</span> <span class='ocrx_word' id='word_1_399' title='bbox 652 3545 811 3601; x_wconf 85' lang='lat' dir='ltr'>mites</span> <span class='ocrx_word' id='word_1_400' title='bbox 825 3548 1017 3604; x_wconf 80' lang='lat' dir='ltr'>certius</span> <span class='ocrx_word' id='word_1_401' title='bbox 1032 3548 1470 3624; x_wconf 79' lang='lat' dir='ltr'>caderetzquippe</span> <span class='ocrx_word' id='word_1_402' title='bbox 1486 3546 1635 3605; x_wconf 84' lang='lat' dir='ltr'>clam</span> <span class='ocrx_word' id='word_1_403' title='bbox 1646 3545 1847 3603; x_wconf 63' lang='lat' dir='ltr'>edueto</span> <span class='ocrx_word' id='word_1_404' title='bbox 1861 3545 2101 3622; x_wconf 86' lang='lat' dir='ltr'>pugione</span> <span class='ocrx_word' id='word_1_405' title='bbox 2117 3546 2257 3601; x_wconf 76' lang='lat' dir='ltr'>Tol-r</span> 
     </span>
     <span class='ocr_line' id='line_1_43' title="bbox 211 3619 2262 3699; baseline 0.001 -19"><span class='ocrx_word' id='word_1_406' title='bbox 211 3625 377 3682; x_wconf 86' lang='lat' dir='ltr'>mitis</span> <span class='ocrx_word' id='word_1_407' title='bbox 394 3619 707 3697; x_wconf 62' lang='lat' dir='ltr'>transadigit</span> <span class='ocrx_word' id='word_1_408' title='bbox 726 3621 893 3688; x_wconf 70' lang='lat' dir='ltr'>latus,</span> <span class='ocrx_word' id='word_1_409' title='bbox 925 3625 1067 3683; x_wconf 85' lang='lat' dir='ltr'>nihil</span> <span class='ocrx_word' id='word_1_410' title='bbox 1093 3627 1366 3699; x_wconf 82' lang='lat' dir='ltr'>ejusmodi</span> <span class='ocrx_word' id='word_1_411' title='bbox 1385 3629 1445 3682; x_wconf 92' lang='lat' dir='ltr'>in</span> <span class='ocrx_word' id='word_1_412' title='bbox 1462 3641 1614 3682; x_wconf 83' lang='lat' dir='ltr'>tanta</span> <span class='ocrx_word' id='word_1_413' title='bbox 1628 3626 1983 3681; x_wconf 84' lang='lat' dir='ltr'>ostentatione</span> <span class='ocrx_word' id='word_1_414' title='bbox 1998 3626 2262 3682; x_wconf 77' lang='lat' dir='ltr'>amicitiae</span> 
     </span>
     <span class='ocr_line' id='line_1_44' title="bbox 216 3701 2259 3779; baseline -0.001 -18"><span class='ocrx_word' id='word_1_415' title='bbox 216 3703 547 3761; x_wconf 84' lang='lat' dir='ltr'>metuentis.</span> <span class='ocrx_word' id='word_1_416' title='bbox 588 3702 706 3757; x_wconf 84' lang='lat' dir='ltr'>Nec</span> <span class='ocrx_word' id='word_1_417' title='bbox 723 3701 811 3758; x_wconf 86' lang='lat' dir='ltr'>ille</span> <span class='ocrx_word' id='word_1_418' title='bbox 831 3706 1055 3762; x_wconf 86' lang='lat' dir='ltr'>mortali</span> <span class='ocrx_word' id='word_1_419' title='bbox 1075 3704 1297 3761; x_wconf 88' lang='lat' dir='ltr'>vulnere</span> <span class='ocrx_word' id='word_1_420' title='bbox 1312 3718 1540 3779; x_wconf 84' lang='lat' dir='ltr'>accepto</span> <span class='ocrx_word' id='word_1_421' title='bbox 1557 3705 1667 3761; x_wconf 81' lang='lat' dir='ltr'>fine</span> <span class='ocrx_word' id='word_1_422' title='bbox 1684 3704 1918 3759; x_wconf 61' lang='lat' dir='ltr'>vindicta</span> <span class='ocrx_word' id='word_1_423' title='bbox 1935 3705 2166 3761; x_wconf 87' lang='lat' dir='ltr'>cecidit:</span> <span class='ocrx_word' id='word_1_424' title='bbox 2186 3705 2259 3759; x_wconf 84' lang='lat' dir='ltr'>it-</span> 
     </span>
     <span class='ocr_line' id='line_1_45' title="bbox 217 3779 2258 3915; baseline -0.003 -76"><span class='ocrx_word' id='word_1_425' title='bbox 217 3783 342 3839; x_wconf 78' lang='lat' dir='ltr'>ruit</span> <span class='ocrx_word' id='word_1_426' title='bbox 362 3782 417 3835; x_wconf 89' lang='lat' dir='ltr'>in</span> <span class='ocrx_word' id='word_1_427' title='bbox 439 3779 775 3915; x_wconf 43' lang='lat' dir='ltr'>Encgrevum</span> <span class='ocrx_word' id='word_1_428' title='bbox 794 3820 812 3846; x_wconf 88' lang='lat'>,</span> <span class='ocrx_word' id='word_1_429' title='bbox 844 3781 1094 3859; x_wconf 83' lang='lat' dir='ltr'>fortique</span> <span class='ocrx_word' id='word_1_430' title='bbox 1110 3783 1223 3847; x_wconf 59' lang='lat' dir='ltr'>istu</span> <span class='ocrx_word' id='word_1_431' title='bbox 1241 3781 1428 3840; x_wconf 85' lang='lat' dir='ltr'>ensem</span> <span class='ocrx_word' id='word_1_432' title='bbox 1449 3783 1797 3857; x_wconf 83' lang='lat' dir='ltr'>evaginatum</span> <span class='ocrx_word' id='word_1_433' title='bbox 1817 3779 2029 3857; x_wconf 82' lang='lat' dir='ltr'>perfido</span> <span class='ocrx_word' id='word_1_434' title='bbox 2045 3780 2258 3858; x_wconf 70' lang='lat' dir='ltr'>pessori</span> 
     </span>
     <span class='ocr_line' id='line_1_46' title="bbox 216 3858 2261 3938; baseline -0.002 -21"><span class='ocrx_word' id='word_1_435' title='bbox 216 3858 500 3917; x_wconf 81' lang='lat' dir='ltr'>condidit.</span> <span class='ocrx_word' id='word_1_436' title='bbox 604 3860 759 3919; x_wconf 84' lang='lat' dir='ltr'>tatim</span> <span class='ocrx_word' id='word_1_437' title='bbox 774 3861 1076 3938; x_wconf 70' lang='lat' dir='ltr'>expressere</span> <span class='ocrx_word' id='word_1_438' title='bbox 1092 3858 1345 3938; x_wconf 89' lang='lat' dir='ltr'>spiritum</span> <span class='ocrx_word' id='word_1_439' title='bbox 1366 3898 1385 3925; x_wconf 89' lang='lat'>,</span> <span class='ocrx_word' id='word_1_440' title='bbox 1411 3863 1464 3917; x_wconf 86' lang='lat'>&amp;</span> <span class='ocrx_word' id='word_1_441' title='bbox 1483 3858 1646 3917; x_wconf 76' lang='lat' dir='ltr'>simul</span> <span class='ocrx_word' id='word_1_442' title='bbox 1665 3861 1808 3919; x_wconf 84' lang='lat' dir='ltr'>inter</span> <span class='ocrx_word' id='word_1_443' title='bbox 1824 3860 2081 3918; x_wconf 78' lang='lat' dir='ltr'>homines</span> <span class='ocrx_word' id='word_1_444' title='bbox 2097 3873 2261 3933; x_wconf 82' lang='lat' dir='ltr'>agere</span> 
     </span>
     <span class='ocr_line' id='line_1_47' title="bbox 223 3936 2295 4016; baseline -0.003 -20"><span class='ocrx_word' id='word_1_445' title='bbox 223 3938 430 3997; x_wconf 82' lang='lat' dir='ltr'>defieru</span> <span class='ocrx_word' id='word_1_446' title='bbox 441 3952 518 3995; x_wconf 87' lang='lat' dir='ltr'>nt.</span> <span class='ocrx_word' id='word_1_447' title='bbox 1460 3938 1574 4014; x_wconf 85' lang='lat' dir='ltr'>Qq</span> <span class='ocrx_word' id='word_1_448' title='bbox 1621 3957 1650 4016; x_wconf 84' lang='lat'>3</span> <span class='ocrx_word' id='word_1_449' title='bbox 2109 3936 2295 3998; x_wconf 63' lang='lat' dir='ltr'>Eece.</span> 
     </span>
    </p>
   </div>
  </div>
 </body>
</html>
