2738 4475
757 161 772 194 χ

785 245 1523 317 ΡΑιεῙἿ.
2078 249 2218 340 543

202 389 451 444 mariam
472 360 821 438 amicitiam
838 359 1114 443 colebat,
1141 387 1286 433 cum
1304 363 1532 435 Poenis
1553 357 1878 434 dimdium
1896 355 2032 432 fuit.
2075 363 2233 458 Jam

202 468 268 540 in
305 465 520 540 castris
556 465 851 561 utrinque
887 460 1202 532 exercitus
1235 482 1371 532 erat
1393 507 1417 543 ‚
1459 460 1666 531 dietus
1682 461 1879 532 etiam
1902 462 2237 533 certamini

127 647 130 656 Ι
204 566 337 639 dies
354 615 377 650 ,
419 591 566 637 cum
612 563 834 657 Scipio
852 561 1065 632 minor
1088 608 1113 644 ‚
1151 556 1320 630 forte
1337 560 1415 629 ad
1439 558 1558 629 alia
1578 560 1838 657 negotia
1857 559 1924 630 in
1946 554 2245 631 Africam

205 664 448 751 miss'us,
499 661 790 761 pervenit
826 659 905 731 ad
938 656 1129 730 castra
1159 654 1532 742 Masinissae,
1568 659 1859 757 tantique
1876 657 2076 757 praelii
2096 654 2244 756 spe-

203 765 519 837 &aculum
539 761 734 859 cepit.
806 764 987 831 Tuta
1002 758 1099 830 illi
1118 781 1216 828 res
1239 803 1266 841 ‚
1298 780 1677 856 quocunque
1692 753 1759 829 se
1779 752 2031 829 fortuna
2051 755 2245 828 incli-

206 859 430 944 nasset,
450 859 733 936 Romani
751 857 1034 930 nominis
1055 854 1403 948 majestate.
1443 852 1749 930 Succeffit
1767 880 1925 957 ergo
1941 857 2009 928 in
2026 875 2245 956 tumu-

209 964 341 1035 lum
363 1006 387 1042 ‚
425 960 711 1058 viditque
750 975 1069 1029 certantes
1095 983 1114 1029 t
1165 960 1233 1030 &
1265 956 1355 1029 im
1408 978 1531 1025 une
1553 955 1734 1025 licuit
1753 956 2245 1028 totmortalium

211 1060 504 1161 periculis
521 1055 666 1132 frui.
717 1060 809 1130 Et
827 1050 962 1129 visa
979 1079 1076 1127 res
1097 1076 1231 1127 tam
1259 1080 1360 1126 am
1411 1051 1609 1125 itiosae
1632 1053 1978 1153 voluptatis
1995 1101 2019 1138 ‚
2038 1074 2109 1128 ut
2125 1078 2244 1127 ne-

170 1166 177 1173 ’
207 1180 390 1260 garet
404 1160 567 1231 banc
583 1176 740 1230 ante
756 1153 819 1228 se
836 1152 1171 1257 contigiffe
1189 1201 1215 1239 ,
1249 1157 1272 1193 ¹
1287 1151 1404 1226 nifi
1430 1153 1575 1250 Iovi
1595 1148 1674 1225 ab
1693 1151 1801 1225 Ida
1818 1200 1845 1238 ‚
1881 1156 2247 1253 Neptuno-

208 1282 335 1359 que
353 1257 390 1330 ὲ
410 1255 849 1331 Samothracia
871 1301 895 1338 ‚
944 1276 1126 1328 extra
1162 1255 1365 1325 aleam
1405 1255 1792 1326 Grecorum
1816 1260 1884 1327 δε
1908 1255 2247 1348 Trojano-

205 1382 346 1430 rum
360 1357 530 1429 bella
544 1354 980 1429 cernentibus.
1044 1353 1235 1426 Idem
1254 1353 1326 1423 in
1343 1346 1904 1452 foriJudicumque
1922 1351 2254 1453 speRacu-

210 1458 347 1529 lum
386 1453 904 1544 convenire'non
929 1450 1179 1525 dubites
1201 1500 1225 1537 ,
1306 1474 1392 1520 uo
1407 1446 1650 1521 scilicet
1668 1450 1772 1526 vix
1788 1453 2132 1554 quicquam
2147 1451 2253 1546 ju-

211 1552 480 1626 cundius
497 1601 523 1638 ,
554 1550 602 1623 fi
623 1553 838 1624 nonin
859 1545 1199 1642 discrimen
1215 1573 1250 1618 a
1297 1546 1520 1620 duetus
1536 1549 1611 1622 sis
1628 1595 1649 1630 ‚
1666 1569 1735 1621 ut
1753 1574 1876 1623 nec
1897 1576 2118 1652 preces
2137 1547 2253 1621 ad·-

212 1674 485 1724 movere
505 1646 753 1722 necesse
769 1646 872 1733 lit,
889 1672 1010 1720 nec
1029 1648 1282 1720 timere.
1353 1650 1537 1721 Nam
1558 1655 1624 1723 δε
1645 1648 1916 1722 excultis
1950 1668 2045 1739 (ut
2063 1648 2252 1723 multi

213 1744 395 1841 sunt)
410 1747 710 1847 Judicum
734 1748 961 1820 animis
981 1767 1165 1845 potes
1180 1744 1503 1819 interdum
1521 1747 1964 1840 jucundiffima
1979 1748 2255 1822 familia-

215 1848 406 1919 ritate
425 1845 675 1919 misceri
693 1896 726 1944 ⁹„
769 1866 874 1918 aut
909 1845 1139 1918 horum
1175 1848 1245 1917 in
1281 1845 1471 1918 variis
1505 1846 1722 1918 litibus
1761 1843 1969 1919 sensus
2000 1845 2253 1926 saltem,

211 1969 426 2043 neque
467 1946 597 2016 incl
732 1965 950 2018 entem
991 1945 1425 2018 eruditionem
1508 1948 1834 2046 ercipere,
1874 1972 1947 2018 ac
1985 1945 2069 2019 de
2104 1941 2256 2044 ipsis

208 1971 824 2140 judicantibuffrre
838 2040 1245 2117 sententiam.
1289 2051 1428 2116 Aut
1475 2066 1759 2143 ngtatum
1779 2044 1875 2117 est
1894 2046 1961 2118 in
1978 2044 2256 2120 tumultu

210 2140 339 2216 fori
359 2142 487 2216 effe
506 2190 529 2225 ‚
550 2140 682 2244 ipse
700 2140 1180 2215 discursantium
1203 2137 1491 2213 fremitus
1513 2191 1538 2226 ,
1563 2140 1894 2243 vultusque
1910 2141 2163 2225 diversi,
2185 2140 2257 2214 hi

213 2244 569 2317 exanimati
594 2264 807 2328 metu,
839 2241 946 2339 spe
961 2244 1069 2315 alii
1089 2243 1470 2324 exultantes,
1489 2242 1581 2313 ita
1601 2243 1885 2316 animum
1906 2239 2256 2344 oculosque

211 2343 536 2443 abripient
560 2397 578 2424 ,
616 2364 687 2414 ut
704 2363 772 2415 te
788 2339 1184 2414 utiliffimam
1204 2340 1494 2412 humanae
1517 2340 1856 2416 dementiae
1877 2339 2131 2416 scenam
2148 2345 2255 2413 in-

213 2448 376 2516 tueri
396 2438 747 2515 existimes.
810 2446 911 2515 Ac
926 2445 951 2477 ⁸
983 2439 1300 2540 praecipue
1320 2446 1745 2514 Patronomm
1764 2440 2079 2513 calliditas
2116 2437 2258 2525 (ubi

2115 2536 2258 2608 elo-

291 2655 320 2691 1
350 2636 462 2701 uis}
482 2636 759 2705 Jm'aebldae
770 2641 1206 2707 ,Nepemqueeso
1276 2649 1469 2691 vertere.
1521 2642 1586 2688 Et
1612 2651 1724 2691 vero
1754 2633 1895 2705 surgit
1922 2635 1982 2688 ad
2006 2635 2262 2691 dicendum

222 2707 464 2755 anthraca
482 2736 502 2764 ‚
549 2720 675 2756 extra
717 2709 850 2755 alem
878 2714 1107 2758 Grac-nan
1140 2715 1206 2763 <9-
1276 2721 1470 2766 orator,
1498 2723 1618 2758 unus
1633 2707 1758 2757 inter
1773 2707 2046 2758 innumeros
2062 2736 2082 2762 ,
2117 2702 2259 2757 subli-

231 2780 505 2841 Ynjm
513 2771 629 2823 bena
640 2773 1020 2837 cernentibus.]sic
1033 2780 1211 2826 Home·
1279 2776 1371 2825 mis
1386 2775 1509 2825 intes
1526 2781 1672 2845 Reges
1690 2808 1708 2834 ,
1727 2777 1777 2826 δι
1793 2775 2024 2844 Principes
2039 2808 2058 2834 ,
2073 2771 2170 2826 fine
2184 2771 2261 2825 sa-

190 2846 194 2850 ’
226 2855 306 2893 xus
326 2847 457 2892 Deos
473 2837 597 2909 ipsos
613 2841 671 2891 ad
684 2842 977 2902 terrores,ad
992 2843 1210 2908 pericula,
1277 2844 1453 2897 tellitio
1479 2843 1774 2910 tyrannidem
1803 2855 1965 2895 tamen
1996 2856 2178 2894 exercet
2204 2843 2260 2896 in

223 2909 285 2960 ad
311 2911 505 2963 vulnera
531 2910 584 2961 in
610 2906 689 2963 fixa
719 2907 1208 2978 Iliadepassimobno·
1280 2926 1448 2963 ornnes
1471 2945 1489 2970 ,
1512 2912 1738 2963 dumarte
1772 2924 1903 2963 tanta
1932 2926 2098 2965 vocem
2131 2910 2265 2963 habi·

223 2978 327 3032 :ios
345 2977 544 3029 inducit.
1282 2992 1476 3048 tumque
1503 2982 1714 3050 corporis
1733 2981 1791 3030 ad
1804 2981 2071 3032 orationem
2087 2992 2263 3031 attem-

292 3062 324 3098 2
363 3056 464 3098 Prae
497 3049 506 3060 '
587 3059 858 3116 patronam
869 3046 1214 3106 cauditum&
1281 3061 1446 3115 perat,
1475 3062 1530 3100 ut
1560 3045 1819 3099 duriffimas
1847 3044 2267 3116 quasquementes.

219 3064 733 3184 “maingis-puri·
745 3148 769 3176 ‚
794 3113 1213 3184 ostentaeeioeoescien-
1345 3132 1372 3166 a
1397 3118 1546 3177 velit,
1574 3117 1775 3169 inflectat
1787 3131 1807 3173 ς
1840 3111 2183 3182 lachrymasque
2209 3116 2263 3166 δι

223 3182 761 3253 *ἰαθτενὸοωρωμ
785 3186 1013 3251 vibras-J
1044 3184 1214 3242 Greci,
1281 3131 1473 3253 stispiria
1498 3198 1585 3254 pto
1612 3197 1732 3234 nutu
1760 3182 1943 3234 eliciat:
1979 3194 2059 3233 tot
2086 3182 2269 3252 infligat

228 3250 528 3316 Romanique
542 3265 750 3302 oratore·
771 3285 793 3312 ,
825 3253 1031 3323 adReip.
1054 3254 1216 3322 perui-
1281 3253 1469 3304 vulnera
1484 3285 1501 3310 ,
1547 3265 1663 3321 quot
1688 3252 1933 3303 oculorum
1960 3250 2142 3313 jafflm
2188 3264 2268 3303 tot

224 3315 350 3365 ciem
368 3314 773 3387 nbufieloquent‘ra
787 3351 802 3376 ,
834 3323 985 3372 multa
998 3324 1123 3377 mala
1136 3335 1217 3388 pe·
1286 3321 1381 3372 tela
1408 3321 1703 3388 intorqueat,
1739 3330 1858 3388 quot
1886 3320 2016 3371 vocis
2030 3333 2226 3371 conams
2241 3333 2265 3378 3

225 3397 406 3451 perere.
459 3384 573 3434 Ideo
582 3386 645 3434 ab
657 3393 904 3457 Areopago
918 3390 1061 3440 veluti
1087 3385 1215 3439 saera
1285 3389 1426 3439 toties
1442 3389 1647 3457 palmam
1663 3401 1809 3438 metat
1821 3420 1839 3446 ‚
1869 3388 2053 3456 quoties
2069 3403 2268 3442 manum

223 3450 481 3503 amandata
507 3449 570 3500 est
597 3450 693 3504 hee
714 3469 789 3504 ars
802 3488 822 3516 ‚
854 3453 1034 3524 ipseque
1051 3462 1217 3508 ratto-
1286 3471 1469 3518 movet,
1483 3472 1569 3508 nec
1582 3458 1710 3525 plura
1724 3455 1863 3508 verba
1876 3458 2108 3525 loquatur.
2126 3473 2267 3527 quam

223 3536 318 3571 nm
333 3518 528 3570 affe-stus
542 3534 733 3572 movere
743 3522 1015 3574 vetabatur:
1116 3526 1217 3592 ippe
1287 3525 1543 3576 victoriam·
1589 3527 1713 3577 Hinc
1755 3525 1945 3576 Athena
1974 3523 2136 3576 κυοἾι
2174 3528 2272 3577 κίκι

218 3585 518 3641 estimabant
541 3587 789 3653 hiJudices
806 3623 821 3646 ,
856 3589 976 3641 nihil
1061 3609 1089 3641 e
1114 3606 1215 3644 tam
1284 3591 1479 3643 fallendi
1496 3608 1642 3645 artem
1657 3594 2008 3661 eloquentiam:
2037 3598 2128 3663 Sop
2162 3594 2271 3647 mas

298 3658 410 3708 ann'
568 3672 711 3725 qmm
741 3661 973 3710 armillata
1001 3662 1219 3711 oratione
1289 3675 1403 3712 vero
1422 3659 1574 3729 29⁸7&
1590 3696 1604 3718 ‚
1623 3661 1789 3712 hocest
1806 3696 1820 3719 ,
1835 3660 2180 3729 prestigiatores
2194 3664 2274 3714 in·

219 3673 424 3777 giem-1·
424 3741 451 3774 e
465 3758 481 3782 ‚
509 3727 561 3776 Rc
577 3726 738 3795 populi
756 3741 938 3779 menter
951 3760 973 3787 ‚
1004 3728 1219 3794 Judimm
1287 3727 1405 3780 fami
1417 3730 1633 3781 convitio
1647 3731 1930 3797 appellarunt
1947 3745 1965 3789 3
1999 3731 2121 3799 quali
2137 3746 2275 3782 men«

201 3796 532 3869 religionem,
573 3797 770 3848 serratus
798 3797 1077 3866 gravitatem
1103 3812 1221 3849 con·
1287 3797 1419 3849 dacia
1440 3795 1688 3852 vanissimz
1703 3800 1930 3851 orationin
1943 3792 2273 3877 obducta-succi

2142 3877 2271 3938 lnge*
