2738 4475
939 161 989 245 1²
1092 186 1137 245 Α
1241 178 1294 244 'n
1397 196 1431 245 s
1566 163 1677 241 11.
1770 201 1773 204 <
2158 186 2302 261 273

253 297 480 401 paratis
531 299 805 400 (quippe
840 298 989 398 plus
1023 321 1168 371 uam
1206 297 1670 398 quinquaginta
1717 291 1857 362 sunt
1883 290 2092 379 illata)
2118 289 2199 361 uli
2219 289 2318 361 su·

257 429 428 489 mus,
477 425 548 472 ut
583 401 948 498 gustatione
975 326 1148 472 {laeta
1178 402 1246 469 in
1284 401 1450 492 imos
1474 391 1711 467 mensae
1734 390 1895 463 fines
1916 387 2318 461 succedenti·-

250 499 363 572 bus
386 501 682 575 manibus
704 500 1105 574 veheremus.
1134 505 1467 573 Caeterum
1488 517 1700 594 neque
1718 493 1933 564 lances
1954 489 2139 590 fimul
2163 486 2317 559 duas

253 600 324 670 in
344 602 659 684 convivio
677 601 844 682 vidi,
869 607 936 673 &
958 620 1301 699 antequam
1320 596 1740 693 explicaretur
1757 616 1891 665 tam
1912 591 2198 690 prolixus
2215 613 2321 659 or·

261 697 352 768 do
372 700 661 771 ciborum
684 757 702 786 ,
739 705 863 794 jam
885 701 1114 773 mcdiae
1133 698 1344 769 noetis
1365 691 1742 793 processerat
1763 714 2018 789 tempus
2040 740 2063 775 ,
2080 711 2320 788 meque

254 818 492 895 utpote
528 796 849 899 fatigatum
891 798 1156 872 molesta
1198 799 1528 894 voluptate
1563 793 1854 866 trahebat
1887 795 1955 863 in
1988 790 2311 862 somnum.

263 898 441 969 lllud
474 919 677 971 autem
716 899 1066 999 diligenter
1103 899 1339 969 adverti
1365 939 1391 980 ,
1440 895 1748 994 quicquid
1766 914 2115 963 torruerant
2135 891 2320 987 igne,

255 996 574 1069 exhaustis
593 998 967 1071 humoribus
993 1023 1173 1094 paene
1192 996 1557 1067 cineritium
1582 991 1816 1065 afferri.
1869 995 2196 1063 Caeterum
2219 988 2325 1085 pi·-

253 1092 395 1167 sces
439 1122 764 1199 nunquam
801 1098 1074 1172 memini
1113 1118 1286 1169 tanta
1304 1093 1609 1168 suavitate
1629 1093 1926 1165 conditos
1950 1087 2211 1180 vidiffe3
2247 1106 2320 1158 ut

256 1192 403 1269 haec
425 1198 640 1269 culina
658 1199 728 1270 in
751 1221 835 1270 eo
856 1222 1091 1298 genere
1108 1197 1358 1269 erudire
1381 1194 1606 1266 orbem
1628 1192 1841 1292 poffit.
2403 1283 2406 1286 Δ

358 1295 727 1367 Laxabatur
775 1298 1035 1369 interim
1076 1296 1499 1368 convivarum
1531 1297 1841 1365 taciturna
1871 1291 2164 1387 majestas
2181 1344 2203 1374 ,
2248 1294 2324 1362 &

243 1389 419 1468 solvi
448 1396 519 1466 in
540 1393 934 1466 hilaritatem
952 1394 1285 1467 videbatur
1299 1445 1320 1476 ,
1339 1413 1412 1463 ut
1434 1416 1577 1464 cum
1595 1394 1960 1494 indignatio
1980 1411 2324 1466 ventorum

244 1497 507 1588 primas
551 1492 757 1564 undas
794 1490 1112 1588 suspendit
1141 1495 1209 1563 in
1227 1493 1386 1563 mari
1409 1547 1429 1575 ,
1464 1488 1777 1592 solvitque
1793 1492 2327 1590 tranquillitatem

246 1589 476 1685 magis
497 1607 696 1686 quam
717 1590 953 1661 excitat
975 1588 1226 1661 fluetus.
1259 1592 1395 1663 Iam
1417 1590 1966 1663 increbrescebant
1986 1592 2238 1687 pocula,
2256 1596 2329 1661 &

249 1686 581 1786 paulatim
603 1688 875 1785 perierat
892 1689 1318 1762 convivalium
1341 1688 1773 1786 scrupulositas
1792 1692 2336 1789 legum-‚momen-

242 1809 466 1887 toque
498 1811 611 1859 me
648 1807 859 1860 totum
882 1789 1077 1887 longa
1100 1789 1477 1886 poculorum
1497 1786 1677 1886 sepes
1711 1786 2083 1862 obsederatt
2120 1793 2338 1859 Inter-

203 1927 216 1932 -
241 1887 480 1986 rogavi
503 1882 1104 1985 Trifartiturn‚quid
1128 1913 1235 1959 me
1254 1909 1356 1958 tot
1376 1887 1692 1962 machinae
1712 1877 2214 1969 monerentsslle
2228 1910 2339 1958 au-

245 2007 385 2059 tem
407 1982 823 2057 blandiffimo
840 1988 1065 2059 annuit
1083 1988 1285 2068 vultu,
1311 1989 1699 2087 rogavitque
1716 2038 1740 2074 ,
1762 2014 1917 2059 num
1941 1987 2332 2086 singulorum

249 2087 606 2157 amicitiam
642 2083 945 2159 ducerem
966 2087 1181 2168 tanti,
1217 2089 1477 2159 urillam
1499 2089 1761 2159 modico
1786 2086 2007 2159 haustu
2029 2112 2159 2184 quo
2176 2110 2333 2184 pro·-

255 2205 636 2259 vocavcrant
654 2232 679 2266 ,
722 2180 1052 2260 sancirem.
1117 2190 1382 2261 Omnes
1420 2188 1593 2260 idem
1632 2209 1853 2288 petere
1889 2187 2072 2261 ebrio
2107 2184 2327 2286 plausu

253 2280 723 2383 significabant3
757 2311 901 2359 cum
938 2286 1140 2360 etiam
1184 2284 1563 2359 Trifartitus
1583 2291 1857 2372 {monuit
1876 2336 1901 2371 ‚
1946 2312 2064 2359 nec
2084 2288 2153 2359 id
2170 2286 2333 2382 offiff

259 2387 434 2455 cium
454 2385 772 2482 repudiari
793 2387 1040 2485 integra
1061 2389 1477 2459 convivarum
1497 2389 1697 2485 gratia
1719 2389 1917 2486 poss'e.
1998 2418 2007 2427 ·

362 2486 522 2579 Ego
544 2504 728 2578 paene
747 2483 1098 2582 lachrymas
1118 2488 1187 2557 in
1207 2506 1387 2557 tanta
1409 2487 1773 2558 calamitate
1794 2482 2049 2584 profudi
2073 2529 2095 2564 ‚
2139 2480 2335 2582 roga:

263 2580 464 2678 vique
489 2625 514 2660 ‚
554 2602 638 2650 ne
654 2605 760 2651 me
783 2578 902 2651 suis
920 2585 1216 2655 amicitiis
1235 2586 1611 2657 occiderent
1630 2618 1653 2678 3
1701 2592 1766 2658 δι
1789 2583 2151 2656 misericors
2168 2581 2339 2655 Tri·-

270 2674 521 2751 fartitus
534 2729 559 2765 ‚
580 2678 822 2777 quippe
840 2678 964 2751 effe
982 2706 1171 2753 veros
1195 2686 1475 2782 gemitus
1494 2684 2029 2782 deprehenderat,
2049 2681 2127 2755 ad
2138 2676 2337 2754 voca-

272 2778 527 2851 tionem
549 2802 759 2851 meam
781 2774 1148 2879 suscepit.AE
1194 2808 1259 2854 re
1278 2784 1537 2858 tandem
1558 2786 2141 2883 impetravimus,ut
2164 2781 2337 2855 nihil

266 2875 388 2949 nifi
427 2878 662 2978 pocula
681 2875 971 2951 libarcm.
1027 2879 1138 2952 Ad
1205 2907 1323 2956 auc
1345 2908 1572 2983 pacem
1593 2910 1736 2958 cum
1751 2882 2122 2959 sustulissem
2151 2884 2340 2980 plau-

263 2975 505 3064 sum‚ac
519 2974 839 3074 letiffimis
860 2977 1073 3052 verbis
1090 2980 1560 3058 humanitatem
1577 2982 2184 3063 commendaffem‚c
2196 2979 2339 3077 oepi

276 3072 545 3151 foederis
568 3077 974 3165 conditiones
994 3082 1294 3179 implere,
1316 3088 1384 3155 δι
1403 3084 1757 3157 notabilem
1783 3081 2068 3155 convivii
2090 3080 2341 3151 exitum

272 3174 619 3276 diligenter
653 3180 1105 3279 contemplari.
1165 3187 1308 3255 Iam
1325 3184 1501 3256 enim
1522 3205 1810 3280 eruperat
1828 3176 2181 3277 tempestas
2201 3222 2227 3262 ,
2265 3185 2341 3251 &

272 3278 503 3349 omnia
519 3278 1021 3352 temulentorum
1040 3280 1307 3354 vocibus
1329 3279 2047 3379 personabant.0mnes
2071 3275 2342 3353 affe&us

267 3401 597 3459 cerneres,
632 3376 698 3448 in
714 3403 878 3476 quos
918 3376 1148 3452 solutas
1168 3402 1424 3454 mentes
1443 3377 1679 3453 insania
1697 3380 1886 3478 Lyaei
1902 3376 2339 3453 transformat.

377 3474 759 3594 Appetebat
789 3480 921 3573 jam
964 3485 1216 3554 Aurora
1240 3528 1262 3565 ‚
1304 3499 1376 3551 ut
1412 3478 1603 3552 facile
1620 3502 1699 3549 ex
1719 3476 2116 3577 gravioribus
2138 3482 2343 3552 oculis

264 3575 740 3674 conjiciebam5
756 3604 907 3654 cum
930 3574 1206 3653 solutum
1227 3580 1601 3656 convivium
1623 3577 1867 3651 credidi
1888 3574 2012 3650 effe
2027 3635 2049 3665 ‚
2074 3580 2344 3653 remotis

257 3676 515 3754 scilicet
536 3677 805 3765 menfis,
829 3686 898 3755 δι
922 3676 1381 3781 affurgentibus
1404 3681 1653 3780 aliquot
1673 3721 1696 3763 ‚
1742 3676 1971 3780 quibus
1994 3677 2347 3754 modestior

628 3774 690 3786 ”
887 3781 894 3785 ’
1201 3772 1218 3785 ‘
1247 3778 1288 3785 ”
1424 3784 1469 3850 S
2135 3778 2345 3849 ebrie·
