2738 4475
926 205 977 271 P
998 254 1002 258 -
1070 227 1127 272 Α
1226 226 1279 276 R
1311 216 1322 222 ‘
1387 225 1421 274 a
1562 207 1616 275 1.
2187 200 2276 304 83

240 311 542 392 fastidium
559 313 857 390 frontem
872 363 894 399 ‚
927 342 1077 391 cum
1096 316 1303 390 subito
1321 345 1568 394 meatus
1584 318 1999 394 includuntur
2015 312 2278 390 smviffi-

233 443 343 490 ωε
369 421 505 491 luci
527 468 550 503 ,
590 427 661 492 δι
700 417 890 492 densa
919 444 1049 496 nox
1066 466 1089 499 ‚
1135 415 1430 491 fenestris
1461 419 1702 492 curiose
1738 417 1978 514 junctis
1997 460 2020 496 ‚
2075 431 2276 491 totam

226 516 504 589 domum'
532 515 784 590 incedit.
844 519 1051 616 Igitur
1066 541 1356 594 metuens
1377 544 1461 592 ne
1478 543 1587 590 me
1605 520 1674 589 in
1693 515 2048 590 custodiam
2069 511 2279 610 publi-

223 640 377 687 cam
396 613 692 687 misissem
712 670 732 698 ‚
765 617 1118 688 errantibus
1136 616 1294 689 vesti
1349 620 1429 688 iis
1447 639 1739 715 repetere
1753 615 2114 687 cubi-culum
2138 637 2286 684 coe·

230 717 304 810 pi
325 761 351 796 ‚
403 722 473 788 δι
494 716 567 786 in
583 716 816 787 aditum
839 762 864 796 ‚
895 739 1026 815 qua·
1040 738 1150 787 me
1164 644 1424 788 confisa
1440 720 1750 791 memoria
1771 715 2039 787 ducebat
2058 758 2082 794 ,
2127 733 2282 783 ten-

230 811 430 883 dere:
465 840 609 885 eum
638 839 717 903 ex
758 816 955 886 altera
974 836 1153 910 parte
1167 813 1417 886 dimota
1438 814 1578 887 sunt
1596 815 1860 889 adv'etsae
1881 817 2080 906 januae
2099 814 2276 882 clau-

231 909 360 982 stra
373 961 399 996 ‚
422 912 810 1012 diductisque
829 913 1286 1010 peristromatis
1306 937 1408 986 tot
1427 941 1650 988 cereos
1672 916 1888 988 decori
1904 908 2279 986 adolescen-

228 1031 329 1082 tes
358 1012 708 1084 intulerunt
726 1065 755 1097 -,
788 1035 860 1083 ut
879 1013 1169 1084 timerem
1189 1038 1269 1086 ne
1288 1017 1606 1089 tenellum
1623 1013 1881 1115 aliquod
1903 1009 2082 1084 fimus
2120 1035 2275 1108 pro-

223 1109 531 1184 ducerent
561 1113 659 1184 ad-
685 1109 1257 1187 numerofiffimum
1296 1116 1536 1188 lumen.
1615 1113 2010 1217 Sequebatur
2055 1133 2274 1182 autem

212 1214 445 1284 mulier*
462 1236 657 1283 aurea
672 1209 999 1312 praefignis
1015 1213 1255 1292 tunica,
1275 1238 1409 1312 quae
1425 1211 1679 1288 sublimi
1692 1216 1869 1288 crine
1885 1232 2105 1310 turpes
2124 1233 2278 1309 pro-

211 1334 291 1407 pe
306 1311 378 1383 in
395 1312 730 1408 occipitio
739 1313 1155 1394 excitaverat,
1171 1310 1406 1383 deinde
1423 1314 1687 1412 vir‚ipsa
1704 1314 1972 1387 muliere
1989 1311 2274 1394 brevior,

205 1408 287 1481 ad
318 1413 522 1503 cujus
557 1411 877 1504 ptokixnm
902 1413 1067 1480 latus
1081 1407 1327 1480 stabat.-
1357 1416 1540 1482 Tum
1561 1432 1879 1510 quotquot
1897 1413 1962 1482 in
1984 1408 2279 1484 triclinio

201 1530 415 1578 erant
432 1554 458 1586 ‚
496 1507 746 1602 libratis
775 1509 953 1576 velut
985 1509 1235 1602 impetu
1271 1509 1644 1607 corporibus
1665 1510 1858 1609 longa
1871 1508 2282 1583 veneratione

204 1607 319 1702 jac
326 1608 607 1676 uerunt·
630 1602 798 1702 Ego
812 1623 1029 1674 autem
1047 1602 1344 1676 altiffime

417 1724 697 1886 bffupui
713 1826 733 1855 ‚
754 1767 1162 1868 steteruntque
1174 1796 1337 1845 coma
1355 1827 1379 1856 ‚
1417 1774 1496 1852 ἀ·
1510 1770 1895 1867 voxfaucibua
1917 1771 2085 1870 baefit.

222 1931 499 2012 Tantus
538 1938 713 2010 enim
756 1962 946 2037 paene
960 1939 1169 2009 cultus
1190 1943 1426 2032 Jovem
1445 1942 1911 2040 Junonemque
1927 1933 2133 2021 adeffe
2150 1933 2295 2036 perss

228 2035 536 2110 suaserat:
566 2034 781 2109 sedita
800 2058 869 2109 ut
886 2039 1145 2109 mutatis
1165 2037 1516 2111 bonoribus
1536 2096 1558 2124 ‚
1583 2038 1718 2112 haec
1740 2041 1914 2121 annis
1935 2085 1957 2121 ‚
1975 2038 2087 2109 isse
2108 2062 2294 2109 men-

229 2136 402 2209 (ibus
450 2135 831 2234 praefideret.
882 2139 1150 2210 Interim
1184 2141 1416 2210 mulier
1455 2139 1534 2211 ad
1578 2140 1857 2212 mensam
1893 2136 2091 2241 gradu
2131 2132 2278 2208 satis

238 2235 597 2335 compofito
636 2232 989 2322 festinavit,
1033 2230 1334 2340 meusque
1356 2237 1591 2311 deinde
1609 2242 1859 2337 Jupiter
1876 2233 2166 2311 inferiori
2181 2239 2282 2307 le·-

236 2338 418 2429 &ulo
453 2331 757 2408 consedit.
812 2339 938 2410 Sed
976 2339 1179 2408 inanis
1223 2338 1555 2412 videbatur
1589 2339 1750 2411 mihi
1777 2362 2015 2437 pompa
2037 2364 2056 2408 t
2114 2334 2284 2407 nihil

228 2436 416 2530 enim
434 2439 597 2505 ultra
612 2457 846 2531 panem
861 2438 930 2506 in
948 2461 1202 2507 coenam
1221 2438 1649 2535 importatum
1695 2436 2035 2508 cernebam
2054 2482 2079 2520 ,
2131 2458 2285 2504 cum

232 2534 309 2602 in
328 2556 540 2630 genua
558 2530 835 2628 procidit
853 2529 1073 2603 assueta
1090 2532 1187 2603 his
1206 2534 1435 2608 officiis
1456 2532 1802 2636 Nympha,
1823 2540 1889 2608 δι
1909 2534 2289 2607 humentem

239 2654 555 2729 mappam
597 2630 937 2729 purgandis
971 2633 1250 2703 manibus
1276 2634 1474 2716 dedit.
1528 2638 1711 2720 Tum
1733 2634 1965 2707 diutius
1988 2633 2293 2732 ignorare

233 2756 383 2803 non
418 2730 638 2828 potui,
677 2745 818 2828 quae
839 2732 1123 2802 Numina
1139 2732 1927 2829 deltharenturejusmodi
1947 2731 2132 2805 sacris
2153 2779 2175 2812 ‚
2209 2733 2280 2809 δε

231 2829 619 2908 hominem,
666 2830 770 2900 cui
813 2828 1051 2901 stabam
1093 2834 1424 2928 proxime,
1458 2836 1848 2937 interrogare
1886 2835 2070 2933 coepi
2101 2832 2183 2902 de
2198 2830 2279 2899 iis

228 2956 395 3026 quos
418 2927 764 3017 videbam„
809 2935 903 3000 'At
921 2932 1032 3000 ille
1048 2978 1068 3011 ‚
1095 2935 1239 3004 Nec
1262 2954 1329 3004 te
1349 2991 1366 3016 ,
1384 2934 1590 3034 inquit
1613 2984 1634 3017 ,
1656 2934 1948 3030 majestas
1966 2930 2097 3002 loci
2120 2977 2145 3015 ,
2162 2950 2287 2998 nee

231 3034 616 3100 ceremonia?
642 3080 664 3112 ,
704 3038 768 3100 δέ
814 3032 960 3096 ritus
1000 3031 1078 3101 ab
1098 3033 1331 3105 ultimo
1350 3033 1524 3107 dufii
1546 3039 1866 3120 OceanO,
1901 3044 2288 3105 monuerunt

239 3130 507 3198 Labetri
527 3128 854 3198 sacrarium
876 3127 1048 3204 effe?
1374 3150 1383 3208 j
1922 3198 1956 3217 „

349 3228 626 3296 Adoravi
664 3254 788 3326 ego
836 3226 1172 3322 Numina3
1210 3257 1280 3302 ac
1298 3231 1533 3305 deinde
1553 3233 1617 3304 in
1635 3224 2286 3310 dive'tsani'coenaculi

231 3350 489 3425 partem
509 3324 746 3397 furtivis
769 3328 1071 3425 grcffibus
1093 3332 1392 3412 tendens,
1413 3335 1478 3403 in
1495 3328 1943 3429 ampliffimam
1966 3332 2287 3429 porticum

231 3427 541 3497 descendi
569 3487 585 3510 ‚
634 3455 762 3525 quae
804 3441 864 3499 δε
908 3429 1031 3525 ipsa
1068 3428 1221 3501 solis
1264 3425 1506 3501 facibus
1523 3453 1656 3503 etat
1680 3426 1956 3500 illustris.
2010 3432 2286 3503 Circum

225 3553 447 3599 autem
495 3531 972 3625 elegantissimis
1004 3530 1397 3630 imaginibus
1424 3530 1686 3621 Labetri
1709 3527 2288 3630 vitamingeniosue

215 3632 447 3727 pistor
491 3629 870 3701 reddiderat.
932 3629 1129 3726 Qod
1168 3631 1563 3700 ut'intellexi
1595 3654 1675 3699 ex
1713 3626 1986 3701 versnbus
2012 3678 2035 3711 ,
2076 3631 2185 3731 qui
2202 3628 2287 3700 ad

210 3727 485 3832 fingulae
504 3754 685 3805 oram
698 3729 934 3804 tabulae
954 3730 1358 3900 legebantur,
1373 3730 1554 3810 nolui
1573 3749 1762 3802 tantae
1787 3724 1940 3804 fidei
1955 3729 2293 3803 historiam

1221 3903 1241 3916 ..
1294 3850 1331 3896 2
2109 3852 2303 3924 igno-
