2738 4475
859 303 918 376 1>
1018 321 1087 376 Α·
1149 314 1238 378 R*
1322 323 1362 378 a
1488 301 1644 383 lvx
1732 311 1749 324 ”
2120 323 2277 413 453»

202 424 432 530 soneso
462 421 745 503 confinis
779 424 916 510 est,
950 452 1279 527 parvoque
1293 427 1484 500 maris
1504 427 1874 503 discrimine
1896 427 2150 500 caeteras
2171 428 2268 501 in-
2340 501 2351 511 l

201 528 366 609 sulas‘
385 530 567 604 videt
586 579 610 620 ,
647 554 787 630 quae
808 529 980 601 idem
1002 529 1428 603 Cimbrorum
1451 552 1721 629 regnum
1745 527 1986 602 faciunt
2009 574 2032 610 ,
2072 526 2267 602 hodie

200 632 492 707 Daniam
515 632 927 731 appellamus.
941 637 956 666 ¹
981 626 1137 699 inde
1158 627 1371 702 brevis
1393 629 1462 700 in
1484 630 2115 722 Suediamtrajestfis
2134 626 2259 701 est:

206 734 308 805 cui
327 732 403 803 ad
444 735 723 805 Boream
761 727 1104 828 Not-vegia
1143 728 1418 819 adjacet.
1472 729 1695 802 Er-hae
1727 729 1990 831 quidem
2033 753 2101 801 re
2148 730 2257 799 io·

208 858 323 907 nes
345 829 490 904 sunt
513 886 533 915 ,
561 855 640 903 ex
658 830 885 931 quibus
904 848 1100 899 tantae
1118 848 1350 926 gentes
1368 853 1639 901 numero
1659 829 1767 901 suo
1788 886 1811 916 ,
1842 754 2261 932 vifforiisque

209 928 548 1004 celebratae
565 980 588 1014 ,
623 931 905 1027 quodam
938 925 1399 1008 turbminaestu
1416 929 1542 1000 toti
1562 927 1724 1001 olim
1747 931 2021 1028 Europa:
2039 925 2267 1001 infiisae

212 1028 379 1102 sunt.
434 1031 594 1103 Inde
614 1029 912 1113 Cimbri,
932 1024 1283 1101 Teutones
1273 1052 1421 1126 que,
1442 1028 1596 1100 inde
1616 1028 1832 1103 Gothi
1851 1029 2259 1129 Vandalique

207 1154 550 1228 prorupere
561 1161 602 1223 ς,
630 1155 745 1230 per
762 1153 923 1229 quos
942 1129 1153 1215 Italia,
1179 1125 1386 1225 Libya
1404 1184 1424 1212 ,
1451 1125 1767 1227 Hispania
1791 1178 1815 1214 ,
1830 1154 1978 1200 cum
1998 1131 2265 1201 Galliae,

196 1251 378 1331 parte
393 1233 634 1307 afflicta
649 1229 765 1303 est.
839 1224 1345 1305 Recentioribus
1363 1222 1592 1298 seculis
1612 1253 1750 1332 qnae
1774 1229 1928 1302 inde
1949 1229 2256 1304 Coloniae

1173 1370 1181 1380 ·
1588 1377 1593 1384 ·
2090 1352 2265 1401 emt-

199 1496 463 1571 penhagem
477 1512 785 1568 nuncupantt
817 1497 937 1551 hanc
947 1511 1111 1568 portus
1126 1512 1203 1547 ce·
1265 1494 1402 1549 covia
1432 1498 1479 1548 δι
1513 1496 1715 1562 Livonia
1740 1500 1800 1551 ad
1827 1504 2002 1553 ortum
2022 1534 2038 1556 .
2075 1499 2256 1550 Baltico

197 1568 483 1622 leberrimus
504 1602 520 1625 ,
549 1571 735 1634 optima
750 1564 910 1632 pascua
928 1601 944 1625 ,
975 1567 1202 1633 &ingens
1270 1567 1412 1624 mari,
1425 1567 1475 1616 δι
1495 1567 1785 1619 Chersoneso
1801 1567 2056 1626 Cimbrica,
2078 1569 2137 1618 ad
2158 1575 2257 1616 Au-

196 1639 342 1701 eopia
354 1635 555 1702 piscium
567 1634 925 1687 commendant.
978 1635 1116 1699 Iuttii
1129 1637 1208 1684 Se·
1268 1632 1411 1685 strum
1424 1634 1662 1686 definitur.
1687 1665 1691 1670 -
1715 1639 1891 1694 Melle,
1920 1653 2035 1688 auro
2054 1670 2083 1694 „
2100 1638 2258 1688 &atre

200 1705 553 1770 ptentrionales
582 1705 694 1753 licet
721 1717 914 1769 procero
931 1700 1022 1754 fint
1037 1717 1204 1767 corpo·
1268 1702 1464 1772 aliisque
1478 1706 1684 1758 metaliis
1699 1738 1721 1767 ‚
1747 1708 1949 1756 maxime
1976 1706 2034 1754 ad
2050 1703 2256 1755 salibur-

198 1784 257 1819 re
273 1803 290 1827 ‚
320 1767 539 1838 facieque
561 1771 621 1820 ad
635 1771 915 1838 elegantiam
929 1764 1205 1838 composita,
1262 1770 1395 1837 gium
1410 1770 1537 1822 dives
1551 1770 1616 1822 cst
1636 1807 1651 1829 ,
1688 1787 1824 1842 atque
1852 1771 1917 1821 ob
1940 1771 2256 1840 frequentiam

194 1835 369 1905 frigidi
394 1851 591 1897 nmen,
619 1834 1054 1906 suspicioiimanti,
1084 1841 1204 1889 &in
1265 1839 1487 1904 paludum
1508 1839 1729 1907 piscium
1769 1837 2068 1892 feracissimaz
2122 1851 2258 1888 tanta

194 1905 346 1956 κεδας
374 1907 574 1974 agendis
598 1906 822 1976 providi,
865 1909 915 1957 &
941 1907 1199 1960 admodum
1265 1905 1583 1964 veroestcoeli
1597 1911 1881 1967 elementia,
1918 1923 1968 1959 ut
1986 1908 2175 1976 plurimi
2192 1905 2257 1957 ad

192 1969 382 2042 sagaces
411 1973 550 2031 sunt,
591 1977 644 2026 δε
672 1988 725 2025 ut
752 1974 809 2025 ad
836 1975 1201 2042 litchurgiaque
1262 1990 1455 2026 centum
1485 1978 1536 2025 &
1565 1973 1745 2046 viginti
1765 1993 1915 2027 annos
1944 1989 2076 2026 totos
2106 1976 2257 2026 vitam

118 2318 128 2337 ’
199 2317 333 2376 &an
369 2318 467 2368 isto

192 2042 536 2110 propendent,
567 2040 632 2092 fic
663 2042 722 2092 ad
763 2044 965 2108 pericula
995 2045 1197 2110 impigre

193 2126 254 2161 ac
268 2125 446 2162 temere
457 2109 503 2162 se
516 2111 805 2178 praeipitam
824 2127 844 2158 :L
871 2125 1039 2161 verum
1065 2113 1196 2161 Lite-

193 2194 358 2230 tatum
389 2181 438 2228 in
466 2180 632 2249 primis
662 2191 874 2228 amantes
893 2173 1030 2236 sunt,
1067 2179 1119 2227 &
1137 2178 1193 2227 ad

194 2246 424 2315 justitiam
439 2250 596 2317 proni.
642 2246 785 2317 Qod
799 2249 1080 2316 religionem
1094 2244 1195 2314 spe·

511 2323 690 2384 Regem
721 2317 846 2366 inter
873 2320 925 2367 δι
953 2321 1187 2367 Saxonum

195 2390 388 2437 Ducem
410 2384 589 2436 foedere
601 2419 622 2446 ‚
669 2384 858 2436 Lutheri
885 2382 1188 2454 dogmatibus

194 2454 360 2505 aditus
388 2457 568 2522 patuite
617 2468 901 2521 quamquam
928 2469 983 2503 ex
1010 2468 1187 2520 magno

193 2523 490 2575 Antistitum
502 2536 701 2572 numero
717 2522 767 2572 in
791 2522 976 2582 narnia,
1007 2524 1188 2573 Narve·

198 2593 299 2660 gia,
318 2589 533 2647 lssandia,
560 2591 716 2638 suecia
736 2621 753 2643 ‚
769 2588 951 2639 Gothia
963 2622 984 2649 ,
998 2605 1055 2640 ne
1068 2606 1187 2639 unns

155 2700 160 2705 .
203 2657 402 2723 quidem
430 2654 508 2706 seu
537 2652 768 2724 promissis
781 2656 1082 2723 ingentibus,
1112 2655 1191 2707 seu

203 2726 359 2775 minis
388 2737 468 2772 aut
496 2724 650 2790 poenis
662 2722 1061 2790 frangipotuerir‚
1096 2720 1206 2779 &a

203 2791 306 2845 fide
344 2791 597 2844 catholica
638 2793 715 2844 vel
746 2794 850 2844 lato
875 2807 1026 2862 ungue
1050 2790 1196 2844 disoe-

202 2861 335 2912 dere.

250 2946 275 2980 1
314 2927 431 2981 Inde
439 2925 863 2979 brahia-smum
873 2927 1194 2996 rraeJeRnustq

196 3000 360 3050 Suecia
386 2996 645 3055 finlandiae
662 3003 901 3048 Ducatum
913 3030 950 3058 ‚.
966 2997 1193 3050 Gothiam

195 3084 306 3120 eum
336 3065 565 3125 Bothnia,
606 3071 951 3135 Laponumque
976 3081 1156 3134 partem
1173 3102 1194 3129 ‚

198 3135 489 3186 Scriefiniam
506 3167 524 3193 ‚
543 3150 651 3185 cum
668 3148 801 3203 parte
812 3136 1033 3193 Coreliae,
1051 3138 1195 3189 Alau-

198 3202 364 3270 disque
393 3202 560 3253 Infulis
589 3202 870 3255 suoambitu
881 3205 1189 3271 comprehcn-

198 3272 309 3329 dit·,
342 3269 576 3338 magisque
605 3273 656 3321 in
683 3271 1030 3343 longitudinem
1049 3276 1098 3325 δι
1118 3275 1190 3325 la·

196 3339 466 3389 titudinem
485 3341 742 3405 exporre&a
758 3375 774 3399 ,
806 3356 948 3407 quam
962 3355 1065 3392 rota
1080 3360 1187 3393 oum

171 3398 186 3421 ⁸
202 3408 402 3464 Galliis,
420 3406 556 3456 1talia
572 3425 586 3456 2
615 3407 801 3477 Qippe
819 3414 1027 3460 Ducatus
1043 3411 1196 3461 unde-

193 3478 296 3527 cim
313 3510 330 3534 ,
361 3476 640 3531 Comitatus
650 3476 928 3537 duodecim,
952 3475 1190 3530 Dioeceses

197 3542 384 3611 septem
415 3540 698 3608 ampliffimae
730 3546 778 3596 in
802 3560 1193 3597 eanumerantur.

198 3617 354 3665 Porro
368 3610 666 3668 Holnia,five
681 3613 948 3665 stockolma
964 3649 979 3674 ,
1006 3630 1107 3682 quae
1120 3629 1196 3665 to-

1262 2044 1587 2108 protraberent
1599 2079 1616 2103 ,
1648 2045 1737 2096 nifi
1768 2045 2038 2095 immodicis
2054 2059 2254 2110 compo·-

1260 2109 1521 2172 tationibus
1540 2147 1557 2170 ,
1574 2123 1579 2130 '
1598 2115 1849 2184 epulisque
1892 2111 2064 2166 obruti·
2100 2110 2257 2163 fatum

1258 2176 1391 2230 suum
1422 2179 1728 2232 maturarent.
1772 2183 1986 2249 Laponia
2015 2181 2168 2230 nullas
2185 2177 2252 2231 se·

1255 2263 1386 2315 getes
1405 2251 1563 2308 alin&
1578 2256 1672 2315 'pro
1684 2251 1835 2318 equis,
1854 2248 2048 2300 hibridis
2064 2246 2253 2316 quibus-

1252 2316 1366 2367 dam
1379 2330 1573 2369 utuntur
1590 2320 1842 2387 indigena,
1849 2319 2127 2385 proceritate
2144 2334 2250 2369 rnu-

1251 2384 1302 2434 lo
1316 2386 1395 2437 vix
1409 2384 1666 2452 disparibus
1682 2421 1703 2448 ‚
1718 2385 1900 2438 asinino
1914 2386 2016 2453 pilo
2030 2418 2051 2446 ,
2081 2387 2131 2434 &
2149 2401 2252 2435 eer-

1251 2454 1377 2503 vinis
1390 2453 1608 2505 cornibus
1627 2474 1642 2504 ι
1662 2456 1849 2525 magna
1878 2469 2041 2504 tamen
2066 2452 2132 2501 est
2158 2451 2246 2503 fri-

1251 2523 1380 2589 gotis
1408 2517 1646 2587 asperitas.
1720 2524 1874 2577 suecis
1901 2519 2094 2570 infitum
2120 2518 2186 2567 est
2217 2518 2258 2570 ὲ-

1254 2603 1423 2640 natura
1435 2588 1580 2641 robur
1599 2608 1612 2638 ε
1641 2590 1799 2656 nilque
1814 2588 1981 2639 virtuti
1995 2582 2080 2636 suae
2101 2587 2252 2635 inter-

1254 2654 1342 2707 esse
1357 2670 1543 2725 putant,
1559 2658 1738 2726 equites
1756 2671 1814 2706 an
1832 2656 2030 2724 pedites,
2048 2654 2247 2704 marian

1255 2738 1379 2777 terra
1405 2726 1646 2777 dimicent.
1705 2726 1824 2776 Inde
1838 2720 2080 2791 quondam
2095 2737 2257 2772 emer-

1256 2791 1352 2845 sere
1372 2795 1565 2846 Vandali
1580 2828 1603 2855 ‚
1618 2793 1917 2863 Longobardi
1929 2824 1949 2852 ‚
1967 2792 2147 2850 Gothi,
2163 2790 2259 2860 qui.

1259 2876 1485 2916 terrorem
1515 2878 1754 2914 armorum
1789 2859 1977 2913 suorum
1994 2876 2074 2930 per
2090 2874 2246 2910 totam

1256 2929 1350 2984 lare
1380 2940 1615 2999 Europam
1627 2932 1965 2984 eirmmtulere.
2018 2928 2247 2982 Gustavus

1257 3003 1432 3069 primus
1448 3036 1465 3059 ,
1491 3017 1587 3071 quo
1602 3000 1803 3053 faciliori
1816 3000 2017 3068 negotio
2030 2998 2161 3050 bona
2174 2994 2245 3047 sa-

1253 3071 1496 3121 cerdotum
1511 3084 1754 3138 occuparet
1773 3103 1790 3126 ‚
1811 3072 1861 3119 &
1880 3068 2047 3118 Sueciae
2075 3073 2243 3131 Regno

1255 3138 1525 3207 adiungeret
1545 3171 1561 3195 ‚
1578 3140 1731 3189 Sestas
1748 3137 1972 3204 plurimas
1990 3132 2116 3184 fouit
2134 3163 2153 3189 ,
2175 3130 2251 3179 bi-

1254 3206 1515 3258 bliothccas
1531 3206 1753 3256 cremavit
1768 3238 1785 3262 ,
1812 3214 2096 3254 novatorum
2111 3198 2250 3249 libel-

1253 3276 1326 3325 los
1355 3276 1407 3324 in
1436 3277 1599 3340 vulgus
1638 3269 1845 3339 dispersit
1864 3303 1879 3325 ‚
1926 3265 2090 3318 frustra
2124 3268 2251 3321 reni-

1254 3355 1384 3392 tente
1411 3340 1709 3409 sigismundo
1740 3337 1948 3389 Poloniae
1979 3343 2106 3404 Rege
2130 3336 2247 3388 defi-

1251 3424 1401 3477 gnato
1423 3427 1438 3459 z
1461 3425 1573 3460 nam
1588 3408 1790 3459 Carolus
1804 3408 1903 3466 eius
1918 3420 2128 3474 patruus,
2144 3422 2252 3475 quo,

1253 3477 1553 3544 tyrannidem
1606 3476 1741 3525 nullo
1786 3474 1949 3534 labore
1980 3474 2243 3536 invaderet,

1255 3545 1486 3596 sestarios
1518 3546 1569 3595 in
1596 3560 1704 3593 eum
1726 3543 1933 3595 ⁴armavit
1954 3566 1973 3603 ς·
2004 3544 2054 3594 &
2087 3545 2259 3595 nostr&

1254 3626 1385 3662 atate
1413 3615 1558 3681 Virgo
1572 3613 1787 3679 Princeps
1803 3611 1937 3669 huius
1953 3613 2081 3679 regni
2101 3612 2253 3663 habe-2

196 3682 296 3731 tius
314 3683 489 3731 Sueciae
504 3679 751 3732 umbilicus
766 3682 830 3731 est
848 3716 862 3738 ‚
883 3683 1001 3733 &in
1016 3682 1197 3749 paludi·
1256 3696 1338 3731 nas
1352 3697 1460 3733 cum
1477 3696 1649 3749 regeret
1665 3715 1681 3737 ,
1716 3681 1853 3730 omni
1868 3678 1940 3747 spe
1971 3683 2103 3733 avitae
2130 3683 2240 3731 reli-

195 3748 292 3800 bus
307 3782 323 3806 ,
344 3749 751 3817 quemadmodum
765 3747 969 3801 venetia
983 3782 1001 3805 ‚
1030 3749 1197 3814 polita,
1253 3752 1411 3817 gionis
1428 3748 1718 3800 restiniendae
1733 3747 1945 3809 deiecia,
1960 3747 2243 3816 ganaofiffi-

191 3820 347 3868 totins
378 3819 513 3885 regni
541 3818 754 3883 caputest
773 3851 791 3877 ‚
822 3818 950 3887 quod
966 3818 1197 3883 Notvegia
1259 3833 1335 3866 me
1371 3815 1517 3883 ipsam
1543 3814 1593 3866 se
1608 3823 1774 3884 Regno
1788 3815 2020 3867 abdicavit
2037 3850 2052 3875 ,
2073 3820 2259 3885 jugeris.

190 3886 249 3937 ad
273 3884 530 3945 occasum,
546 3889 758 3955 Laponia
772 3886 832 3938 ad
849 3882 1200 3943 Boream‚Mos-

1261 3886 1451 3939 virtutis
1467 3886 1518 3935 δι
1532 3882 1830 3941 scientiarum
1845 3886 2139 3937 miraculum.

1622 3959 1659 4008 1¹
1667 3952 1699 4007 f
1704 3968 1709 3969 ⁷
1719 3969 1759 4029 3,
2034 3969 2055 4005 s
2087 3957 2261 4003 Norae-
