2738 4475
426 253 528 347 56
954 234 2005 322 Eurnoffmsssarrnrer

426 375 609 456 scau
650 376 1051 459 diducerent,
1093 376 1191 448 his
1226 379 1382 449 alios
1404 379 1599 451 etiam
1618 377 1916 448 deleRa'ri
1939 372 2252 447 credebat.
2304 369 2447 452 Est,

430 478 686 580 inquit,
726 501 791 548 ut
823 475 1046 549 audisse
1089 498 1204 546 vos
1225 477 1535 563 arbitror,
1580 477 1894 575 Acignius
1918 522 1940 557 ‚
1976 474 2457 570 virintegtitate

429 577 583 655 &itae
608 578 908 662 mirabili,
956 577 1130 668 cujus
1149 577 1395 647 animus
1416 577 1491 648 ad
1512 575 1792 649 sublimia
1812 599 2079 676 quaeque
2099 595 2275 645 natus
2299 626 2316 654 ,
2355 592 2459 639 re-

434 677 576 753 rum
608 698 759 773 quas
800 676 866 743 in
904 669 1011 745 usu
1047 676 1425 773 quotidiano
1456 674 1755 747 habemus
1789 674 2217 745 bumilitatem
2250 667 2460 766 despi-

439 780 652 852 ciens,
695 773 773 841 iis
791 768 939 843 solis
961 776 1321 872 acquievit,
1360 798 1628 874 quorum
1648 799 1744 847 rna
1797 772 2022 844 nitudo
2044 775 2147 843 vix
2168 768 2306 867 ipso
2322 793 2464 839 coe-

427 875 498 945 lo
514 892 859 967 caperetur.
898 876 1077 944 Tum
1100 874 1153 942 is
1173 900 1302 945 non
1321 877 1604 947 animum
1627 801 1819 945 mocio
1839 869 2122 944 imbuere
2140 868 2326 941 vastis
2350 892 2469 938 co-

425 968 891 1075 gitationibus,
951 971 1057 1042 sed
1094 980 1161 1044 &
1203 968 1510 1051 familiam
1546 974 1645 1044 his
1686 971 1915 1044 artibus
1936 965 2462 1069 praestantiffimis

428 1065 682 1139 erudire
712 1070 960 1167 coepit,
998 1070 1159 1140 nihil
1194 1071 1467 1167 ineptius
1502 1096 1692 1168 quam
1716 1074 1984 1169 primam
2004 1089 2252 1142 aetatem
2275 1066 2462 1134 volu-

423 1165 704 1265 ptatibus
725 1168 984 1251 dedere,
1000 1167 1324 1243 laboriolis
1345 1171 1906 1251 exercitationibus
1929 1192 2161 1240 natam.
2187 1171 2453 1236 Vanum

421 1260 574 1344 effe,
605 1290 821 1337 earum
841 1290 1043 1339 rerum
1065 1268 1412 1362 cupiditate
1430 1270 1749 1366 torqueri,
1783 1295 1922 1367 quae
1942 1266 2175 1365 poffint
2199 1284 2299 1333 aut
2318 1284 2452 1331 non

425 1363 687 1447 haberi,
725 1386 867 1452 aut,
902 1390 1046 1437 cum
1072 1366 1751 1449 habeantur,effluere.
1807 1363 2330 1467 Magnificentius
2364 1380 2461 1429 at-

427 1485 557 1567 que
587 1461 884 1535 illustrius
923 1468 1257 1537 contemni
1289 1470 1689 1567 voluptateS‚
1748 1488 1936 1565 quam
1978 1464 2252 1535 admitti.
2324 1458 2454 1534 His

424 1564 767 1730 praeceptis
790 1610 813 1645 ,
854 1571 922 1637 &
957 1564 1130 1665 quod
1169 1565 1355 1665 ipsius
1380 1568 1591 1639 mores
1614 1564 1880 1639 severius
1898 1566 2095 1637 etiam
2111 1585 2299 1661 quam
2318 1582 2466 1629 ver-

479 1684 512 1729 a
542 1656 852 1734 familiam
893 1662 970 1735 ad
989 1667 1313 1738 occultum
1336 1666 1499 1738 recti
1516 1669 1839 1738 tramitem
1859 1663 2201 1741 ducerent,
2243 1655 2466 1731 effecit

426 1779 500 1828 ut
521 1759 686 1858 apud
708 1758 769 1833 se
793 1762 989 1835 virtus
1010 1766 1408 1839 domicilium
1431 1763 1816 1845 constituiss'e
1849 1764 2228 1834 crederetur.
2284 1765 2466 1832 Tum

430 1883 664 1932 omnes
695 1858 758 1933 fe
788 1863 856 1933 in
896 1861 1292 1963 disciplinam
1329 1864 1514 1946 date,
1546 1864 1783 1935 omne!
1798 1863 2100 1931 certatim
2120 1878 2220 1927 aut
2237 1856 2466 1950 opibus

428 1963 1000 2058 conatus‘optimos
1020 2017 1042 2045 ‚
1062 1984 1163 2032 aut
1179 1962 1465 2037 confilio,
1489 1986 1592 2031 aut
1612 1959 1834 2058 gratia,
1852 1954 2228 2049 provehere.
2283 1952 2463 2044 Qid

421 2058 685 2130 inultis?
706 2060 770 2127 in
795 2080 1035 2127 tantum
1053 2061 1357 2154 potentiae
1379 2052 1694 2153 fastigium
1715 2055 1972 2125 evectus
1991 2050 2086 2121 est
2105 2109 2127 2137 ,
2151 2070 2216 2119 ut
2237 2048 2466 2120 iisdem

431 2154 647 2225 'modis
687 2155 960 2249 deprimi
1001 2178 1130 2222 non
1170 2153 1411 2250 posset,
1452 2154 1678 2253 quibus
1712 2174 1843 2222 erat
1860 2152 2083 2221 elatus.
2142 2148 2461 2247 Populum

427 2248 744 2322 sacrorum
784 2260 852 2326 &
891 2252 1270 2350 religionum
1293 2275 1548 2326 terrore
1581 2255 1970 2323 devinxerat.
2062 2249 2460 2343 juventuti&

425 2371 616 2446 quam
655 2346 788 2448 ip'se
815 2353 1208 2447 expoliverat
1239 2400 1258 2432 ‚
1316 2349 1535 2424 studiis
1584 2341 2032 2421 ardentislimis
2064 2345 2468 2440 efferebatur.

425 2448 758 2545 Principes
782 2450 1003 2548 populi
1040 2472 1252 2543 metu3
1306 2455 1645 2551 Magnates
1682 2449 2052 2545 Principum
2088 2444 2468 2518 fidaa‘bene-

428 2547 716 2620 volentia
749 2547 1029 2620 tenebat.
1083 2552 1393 2650 Denique
1430 2551 1720 2621 omnium
1742 2547 2037 2618 ordinum
2082 2547 2294 2622 viros,
2331 2547 2469 2643 pri-

432 2667 600 2718 vatae
639 2645 868 2718 domus
903 2649 1126 2720 limine
1161 2646 1578 2721 concluserat.
1662 2644 2095 2722 Describebat
2130 2647 2464 2717 civitatum

433 2745 972 2855 gubernationeS,
1018 2747 1463 2862 magistram,
1509 2747 1906 2845 provincias»,
1946 2745 2251 2840 imperia,
2285 2741 2471 2815 omni

432 2844 748 2942 gravitate
783 2848 851 2914 δι
882 2843 1190 2942 sapientia
1223 2847 1563 2922 mandabat
1603 2875 1621 2918 ε
1694 2843 2071 2917 domesticas
2106 2844 2299 2913 etiam
2334 2844 2466 2937 pri·-

431 2963 726 3015 vatorum
798 2944 1252 3014 controversias
1321 2945 1407 3016 fin
1461 2947 1613 3017 uiari
1690 2940 1967 3015 artificio
2036 2939 2462 3036 componens.

431 3042 705 3116 Etenim
741 3038 897 3113 nibil
923 3064 1053 3115 t-am
1077 3041 1290 3115 sandte
1314 2974 1709 3141 culiodiebat
1733 3044 2037 3141 parietum
2057 3036 2216 3108 fides
2235 3037 2470 3137 {quod

409 3162 568 3214 -non
611 3137 953 3214 sanctiores
992 3143 1375 3216 muliercula
1420 3141 1721 3214 efferrent
1759 3144 1824 3222 in
1867 3136 2129 3237 Acignii
2159 3133 2469 3208 domum}

430 3259 539 3309 aut
574 3236 849 3325 servuli,
883 3265 1153 3341 quorum
1175 3243 1675 3316 taciturnitatem
1714 3242 1915 3338 pietas
1948 3252 2418 3334 expugnaverat
2442 3263 2470 3312 ε

335 3343 342 3348 ’
433 3333 552 3432 ipsi
606 3337 882 3435 denique
933 3339 1118 3411 liberi
1149 3388 1175 3423 ‚
1240 3363 1385 3412 cum
1440 3365 1661 3419 eorum
1697 3334 2094 3410 inobservata
2127 3334 2467 3434 diligentia

432 3431 694 3507 latebrae
725 3459 951 3509 ornnes
991 3437 1300 3511 secretum
1337 3439 1700 3536 proderent.
1796 3443 2021 3535 Itaque
2054 3457 2221 3504 nunc
2259 3437 2468 3506 comi..

433 3550 574 3613 ter,
630 3556 798 3603 nune
836 3536 1077 3623 astute,
1130 3536 1345 3608 modo·
1365 3559 1624 3634 paterna
1662 3536 1967 3614 lenitate,
2027 3532 2229 3604 modo
2266 3534 2470 3624 maje-

429 3625 597 3702 state
630 3629 904 3703 censoris
927 3682 952 3720 ,
989 3633 1307 3736 sequester
1343 3658 1480 3706 erat
1516 3637 1864 3735 conjugum
1902 3631 2212 3712 diffidiis,
2250 3632 2345 3703 ⁴de
2391 3660 2480 3710 o-.

427 3728 658 3815 nendis
693 3730 1051 3808 inimicitiis
1105 3736 1364 3832 auctor,
1418 3731 1839 3821 societatum.
1886 3735 2249 3904 nuptiarun‘n¹
2265 3737 2295 3810 2*
2369 3758 2478 3804 α·-

2253 3852 2461 3914 “uma
