2738 4475
485 283 633 365 ‘3¹²'
933 265 1441 342 Eunaeum·
1504 258 2002 339 sii-rufos:

495 409 852 464 erexerant.
918 390 1147 465 Nimis
1201 390 1381 463 enim
1416 388 1741 470 humiliter
1773 385 2161 474 summorum
2197 387 2553 490 Magistra-

495 509 679 563 tuum
720 515 818 562 res
852 513 1038 562 erunt
1055 546 1077 576 ,
1114 489 1161 563 si
1191 485 1496 582 sufficere:
1510 491 1795 562 minimis
1812 488 2071 560 debent:
2097 495 2160 557 δι’
2180 488 2438 562 illorum
2458 519 2549 584 oe

495 591 662 662 tium
678 587 1062 664 severiffima
1078 592 1226 689 lege
1241 589 1711 668 turbamus‚ni{i
1737 589 2009 660 alienam
2027 589 2438 661 concedimus
2460 591 2552 662 fi*

494 688 649 761 dem
668 734 689 772 ‚
726 689 902 781 cujus
920 687 1257 788 diligentia
1279 712 1414 761 tuta
1433 685 1779 786 praesertim
1794 688 2027 781 judicia
2049 691 2111 757 δι
2136 710 2314 760 extra
2334 684 2545 760 fortu-

493 812 721 859 narum
754 787 991 860 sortem
1024 811 1384 860 exerceant.
1440 788 1633 860 Libet
1674 812 1930 888 quoque
1944 812 2134 885 agere
2152 790 2384 888 gratias
2404 787 2551 886 ipso

493 887 763 959 nomine
782 888 1054 980 injuriat,
1073 914 1215 986 quae
1239 886 1742 985 Euphormionis
1762 882 1991 958 famam
2013 881 2272 959 fortaffe
2288 889 2550 973 extulit,

482 982 625 1081 ipsa
665 986 1078 1060 damnatione
1098 985 1497 1084 praesignem.
1557 991 1681 1062 Sed
1705 989 1835 1079 jam
1854 982 2048 1056 frasta
2065 986 2327 1060 invidiae
2352 989 2549 1070 nube,

501 1085 674 1158 haud
688 1085 880 1160 dubia
892 1086 1200 1158 timidave
1220 1083 1448 1158 fiducia
1461 1086 1792 1188 exspthO,
1813 1108 1884 1157 ut
1896 1107 2227 1183 expertam
2244 1111 2566 1160 verecun-

494 1183 670 1257 diam
707 1187 1049 1258 emendata
1078 1188 1147 1257 in
1169 1184 1608 1258 Eleutheriam
1629 1182 1918 1284 suffragia
1935 1187 2257 1257 reducant.
2313 1191 2546 1277 Qan-
2624 1275 2625 1278 Ἴ

492 1304 886 1382 tumcunque
902 1283 1123 1358 severo
1142 1285 1440 1358 tribunali
1457 1285 1883 1383 disceptemus
1906 1333 1930 1367 ‚
1950 1285 2347 1369 ecce,1talia‚
2369 1294 2434 1359 δι
2454 1284 2549 1358 ,ab
2582 1301 2585 1304 ·

494 1404 767 1485 utroque
783 1385 1141 1458 Germania
1154 1388 1361 1470 coeln,
1379 1387 1759 1463 ludibria‚ne
1775 1383 2083 1484 appositis
2099 1383 2351 1484 quidem
2372 1408 2545 1482 pen-

493 1480 628 1554 sata
662 1485 999 1582 praec'oniis
1016 1534 1039 1566 ,
1072 1509 1207 1555 non
1243 1485 1447 1558 modo
1463 1486 1748 1586 neglexit
1767 1484 2118 1568 vindicare,
2138 1481 2238 1555 sed
2255 1508 2374 1582 pro
2391 1509 2543 1555 mu-

495 1606 652 1655 nere
687 1586 981 1682 amplexa
999 1630 1022 1667 ‚
1056 1586 1353 1684 ingenuae
1384 1588 1662 1660 libertati
1697 1584 2029 1682 applausit.
2084 1585 2344 1683 ubique
2361 1584 2547 1656 evul-

495 1703 684 1782 gatus
703 1689 877 1758 velut
898 1686 1168 1785 praemio
1185 1685 1524 1758 delationis
1547 1684 1665 1757 suae
1686 1687 1872 1765 liber,
1891 1687 1960 1755 in
1975 1686 2102 1754 illis
2123 1684 2378 1755 urbibus
2395 1679 2552 1753 illis-

499 1806 634 1879 que
669 1785 1021 1858 domiciliis
1087 1810 1180 1857 uae
1196 1787 1446 1875 notavit
1459 1786 1588 1877 jam
1610 1782 1857 1855 fidelius
1871 1806 2084 1855 mores
2106 1785 2441 1879 explorat:
2482 1790 2554 1855 δε

497 1879 607 1954 sua
626 1884 891 1965 indicia,
914 1910 1041 1985 prae
1069 1885 1206 1955 enti
1220 1883 1594 1972 testimonio
1607 1878 1809 1950 sancit
1827 1924 1850 1957 ,
1891 1897 1992 1947 aut
2014 1880 2080 1946 in
2099 1881 2321 1966 jocum
2339 1881 2561 1952 trado-⁴

496 1983 643 2054 &us
658 1982 976 2056 emendat.
1038 1986 1127 2052 At
1142 1979 1508 2053 Eleutheria
1521 1981 1586 2046 in
1604 1975 1871 2045 immani
1892 1975 2200 2068 patientia
2215 1974 2558 2047 urbanita-

495 2082 609 2159 tis,
636 2080 804 2174 proh
824 2067 1019 2149 fatum
1035 2123 1059 2159 ,
1101 2099 1286 2144 meos
1304 2072 1459 2143 sales
1476 2071 1737 2169 publico
1755 2071 1992 2140 donare
2007 2069 2323 2140 dubitavit
2340 2118 2366 2154 ,
2401 2095 2555 2171 quae

449 2226 454 2232 -
490 2178 828 2246 ridiculam
848 2217 873 2252 9
910 2180 978 2245 &
993 2216 1015 2251 2
1036 2168 1209 2267 quod
1226 2169 1322 2239 est
1343 2172 1549 2268 pejus,
1568 2193 1703 2243 non
1720 2169 2040 2241 ridentem
2061 2166 2147 2241 sui
2171 2168 2412 2241 Militis
2429 2198 2557 2245 au·-

490 2272 739 2343 daciam
762 2315 786 2351 ‚
821 2279 892 2345 &
927 2271 1159 2366 equitis
1176 2263 1525 2341 fanaticum
1544 2267 1737 2340 robur
1754 2317 1780 2353 ,
1816 2278 1882 2342 &
1905 2270 2105 2340 toties
2123 2268 2558 2344 scribentium

488 2368 858 2467 pudendam
890 2369 1252 2441 libertatem
1273 2413 1295 2450 ,
1329 2370 1509 2441 nullo
1522 2367 1863 2468 supercilio
1881 2391 2018 2441 tam
2057 2366 2305 2445 sedula*
2332 2372 2548 2465 maje-

493 2463 673 2541 statis
690 2465 996 2542 offendit.

600 2568 730 2642 Sed
748 2593 869 2641 nec
883 2568 1011 2639 illis
1035 2566 1317 2640 tenebris
1334 2568 1730 2667 projeceram
1746 2563 2017 2651 foetum‚
2036 2589 2108 2640 ut
2123 2564 2425 2640 obscurus
2436 2595 2558 2669 pa·-

497 2693 647 2742 rens
667 2666 887 2750 estem,
909 2674 974 2741 δι
995 2663 1039 2737 fi
1061 2667 1212 2763 quid
1232 2664 1535 2766 parassem
1554 2669 1858 2749 atrocius,
1878 2665 2390 2767 praesentiffimus
2406 2672 2562 2740 vin-

497 2768 628 2840 dex
645 2789 781 2839 erat
802 2814 827 2856 ,
842 2770 952 2866 qui
973 2769 1038 2837 in
1053 2764 1175 2838 suis
1192 2792 1515 2866 nunquam
1533 2766 1725 2841 sociae
1741 2772 1807 2837 δε
1830 2771 2055 2841 amicae
2070 2766 2409 2859 majestatis
2430 2766 2557 2839 de·-

497 2860 794 2964 spefimm
817 2867 1114 2965 patietur.
1134 2873 1449 2965 Ignorant
1470 2866 1983 2939 moderationem
2005 2870 2132 2940 mei
2153 2868 2385 2965 Regis,
2402 2868 2553 2962 qui,

496 2992 699 3065 quam
733 2990 962 3063 pacem
1000 2965 1173 3039 Orbi
1209 2962 1365 3037 facit
1380 3010 1405 3047 ‚
1440 2991 1574 3038 non
1608 2987 1834 3064 putant
1870 2967 1949 3038 ad
1982 2965 2320 3055 verborum
2338 2966 2552 3038 etiam

498 3068 1033 3168 tranquillitatem
1051 3066 1393 3160 pertinere.
1449 3068 1629 3140 Nam
1659 3074 1727 3139 δι
1743 3066 2108 3164 diligentius
2129 3065 2197 3134 in
2212 3065 2433 3161 populi
2452 3061 2555 3138 sui

502 3192 623 3240 ore
642 3225 665 3255 ,
688 3163 1004 3239 sociorum
1024 3165 1395 3264 Principum
1411 3160 1647 3238 famam
1665 3187 1857 3245 amat,
1876 3190 2066 3263 quam
2081 3160 2250 3234 suam
2267 3162 2556 3263 castiga-

499 3290 604 3359 τος,
617 3291 849 3363 gnarus
868 3288 990 3337 nec
1006 3265 1243 3335 amoris
1263 3266 1536 3365 pignora
1554 3290 1699 3337 cum
1715 3264 2025 3361 improbis
2042 3262 2368 3365 jungenda
2384 3308 2408 3344 ‚
2427 3288 2552 3335 ne-

496 3384 631 3531 3‘ue
667 3362 879 3437 bonos
913 3365 1445 3436 contumeliarum
1485 3363 1738 3465 flagitio
1749 3360 1874 3437 ess'e
1889 3363 2217 3440 laedendos
2238 3420 2261 3449 ,
2297 3360 2404 3436 fed
2416 3387 2542 3436 nec

550 3483 770 3533 eorum
791 3464 1058 3535 crimina
1073 3465 1342 3536 licenter
1356 3466 1424 3536 in
1440 3466 1668 3563 vulgus
1685 3472 1753 3537 δι
1778 3462 1907 3536 fine
1921 3463 2173 3535 honore
2192 3459 2541 3535 efferenda.

503 3560 582 3632 0
607 3562 975 3657 praeclarum
993 3620 1013 3647 ,
1036 3571 1103 3634 δι
1123 3563 1297 3660 quod
1311 3584 1414 3635 tot
1432 3563 1803 3660 Principum
1818 3562 2090 3635 ambitio
2109 3565 2279 3634 inter
2292 3558 2546 3634 feroces

506 3665 578 3730 δε
616 3659 999 3751 inhumanos
1018 3663 1240 3732 titulos
1261 3687 1392 3732 non
1409 3661 1573 3732 vidit
1595 3718 1618 3746 ‚
1661 3663 1968 3735 bonitatis
1987 3662 2266 3763 fideique
2285 3686 2531 3761 cogno-

502 3781 653 3835 men
672 3784 698 3850 3
720 3778 860 3860 quae
878 3762 948 3835 in
963 3760 1091 3835 hoc
1110 3762 1326 3837 inulta·
1347 3763 1645 3859 amentiae
1675 3757 1906 3838 fuisset.
1956 3762 2088 3841 Sed
2106 3761 2531 3873 laudationem

697 3914 698 3919 =
2068 3885 2072 3889 ’
2318 3877 2536 3934 omit·
