2738 4475
900 240 953 309 P
1057 258 1105 306 a
1199 258 1254 308 ι
1348 258 1381 309 s
1539 237 1595 312 1.
1626 282 1631 287 -
2169 270 2256 343 ¹5
2265 274 2299 346 3
2384 300 2391 309 .

274 349 586 438 muitum
645 354 831 444 Quid
868 355 980 428 ille
1018 354 1129 453 qui
1163 381 1361 454 nuper
1395 383 1541 456 curn
1571 358 2072 455 interpatronos
2088 362 2302 439 referri

267 482 579 563 quaereret
601 505 625 539 ‚
665 459 931 556 protulit
967 458 1326 528 testimonii
1358 458 1647 529 libellum
1670 502 1693 536 ‚
1729 481 1929 555 quem
1952 483 2087 529 non
2110 468 2304 561 magis

263 556 988 662 quamJurisprudentiae
1005 555 1271 631 codices
1291 556 1554 641 ἱεᾶυιπ,
1576 552 1770 626 etiam
1792 554 1905 627 fibi
1927 555 2149 630 absens
2169 587 2312 658 pro-

263 663 647 734 curaverat?
679 655 1005 732 Credebat
1045 656 1413 733 contineri,
1449 652 1513 725 se
1545 655 1746 726 civilis
1778 651 2057 731 scientiae
2089 657 2315 732 studiis

270 750 563 835 meruisse
595 783 781 857 quem
801 757 1021 829 omnia
1037 753 1374 826 tribunalia
1391 756 1696 831 audirent.
1752 755 1903 827 Erat
1920 781 2135 830 aurem
2157 755 2315 832 scri-

278 879 463 958 ptum
480 905 504 940 ‚
534 860 709 930 illum
742 855 1085 928 medicinae
1125 855 1401 949 peritum
1437 852 1870 951 cooptandum
1912 858 1978 927 in
2002 883 2307 931 numeros

277 983 536 1043 eorum,
570 957 677 1056 qui
712 954 1028 1053 praecocia
1064 948 1188 1025 fata
1206 947 1610 1025 saluberrima
1628 953 1872 1025 ratione
1888 980 2307 1029 morarentur.

269 1059 449 1137 Hinc
468 1054 616 1130 risus
638 1055 719 1128 ab
740 1058 819 1126 iis
842 1053 1183 1152 plurimum
1203 1053 1398 1131 editi,
1442 1053 1554 1152 qui
1575 1073 1821 1124 tantum
1840 1056 2136 1128 eruditius
2158 1083 2314 1157 pec·
2406 1082 2407 1087 ’

263 1178 589 1230 caverant.
644 1152 1010 1229 Videbatur
1045 1150 1205 1223 haud
1222 1150 1571 1248 spernenda
1595 1151 1899 1226 monuiss‘e
1919 1198 1942 1232 ‚
1978 1156 2308 1229 volebam-

308 1282 386 1330 ue
404 1257 672 1328 uiterius
691 1254 904 1325 audire
923 1249 1317 1330 suadentem,
1351 1276 1492 1323 cum
1516 1258 1740 1325 Percas
1757 1252 1834 1325 ad
1857 1279 1964 1326 me
1981 1254 2310 1354 vestigan-

257 1283 421 1427 dum
439 1352 685 1435 missus,
708 1349 922 1425 nescio
939 1376 1062 1451 qua
1085 1346 1338 1421 fortuna
1354 1352 1423 1420 in
1441 1351 1705 1424 eandem
1726 1354 2042 1450 porticum
2064 1350 2126 1426 se
2150 1380 2313 1426 con-

255 1454 429 1550 jecit
452 1501 477 1535 ‚
515 1476 753 1550 meque
785 1477 905 1523 nec
939 1452 1321 1547 opinantem
1353 1444 1682 1541 saviffima
1697 1450 1986 1524 oratione
2007 1452 2312 1551 perstrin-

260 1553 414 1631 xit,
453 1560 524 1625 δι
544 1595 568 1630 ,
592 1556 833 1622 Teneo
853 1569 920 1619 te
941 1604 964 1632 ‚
979 1547 1193 1645 inquit
1213 1592 1234 1625 ‚
1257 1546 1665 1643 Euphormio
1684 1595 1706 1628 ,
1729 1570 1922 1621 teneo
1945 1547 2007 1622 su
2057 1553 2309 1633 itivum,

272 1669 488 1721 teneo
516 1672 593 1719 ea
612 1671 797 1718 cruce
816 1648 1079 1745 dignum
1100 1693 1124 1729 ‚
1154 1669 1290 1741 quae
1304 1648 1503 1717 etiam
1520 1647 1682 1716 ultra
1700 1670 1977 1720 mortem
2000 1579 2308 1721 deseviat.

273 1749 466 1819 Cum
501 1744 887 1825 affueviffem
926 1741 1050 1816 esse
1085 1743 1270 1815 miser
1284 1802 1306 1829 ,
1349 1752 1418 1817 &
1460 1744 1683 1842 pallidi
1727 1750 1930 1819 vultus
1951 1750 2127 1819 nullo
2146 1772 2318 1821 metu

269 1848 445 1919 ultra
476 1842 729 1945 possent
761 1841 1118 1924 albescere,
1155 1844 1467 1918 intentavi
1507 1846 1576 1915 in
1595 1846 1937 1923 irruentem
1955 1871 2174 1918 manus
2195 1893 2217 1927 ‚
2252 1855 2321 1921 δι

268 1943 605 2022 constanti
623 1944 863 2015 lumine
884 1964 1133 2014 tantum
1154 1967 1285 2013 non
1309 1940 1600 2015 transfixi
1623 1944 1977 2016 minantem
2003 1972 2022 2014 ε
2063 1971 2131 2016 ac
2153 1945 2327 2019 dein-

266 2045 354 2119 de
385 2069 535 2116 cum
582 2040 939 2139 asperrimis
959 2039 1223 2113 vocibus
1241 2041 1731 2126 detonaremus,
1775 2050 1843 2114 δι
1859 2045 1974 2115 ine
1995 2046 2189 2116 veluti
2206 2073 2322 2144 pro

271 2144 485 2244 praeda
504 2189 528 2225 ‚
566 2168 697 2243 ego
728 2168 844 2241 pro
865 2139 1057 2214 salute
1077 2140 1448 2214 dimicarem
1471 2187 1493 2220 ‚
1529 2142 1661 2233 jam
1682 2136 2086 2215 advolaverit
2102 2144 2178 2216 ad
2197 2172 2317 2217 nos

177 2327 188 2340 J
274 2246 543 2342 populus
565 2289 588 2324 ,
630 2264 898 2343 quantus
933 2240 1139 2340 pridie
1177 2240 1255 2312 ad
1277 2266 1632 2340 cauponem
1654 2267 1781 2312 non
1800 2244 2041 2326 iverat,
2090 2254 2153 2319 &
2178 2269 2320 2320 tan-

266 2368 463 2439 quam
477 2345 547 2414 in
565 2366 747 2414 arena
761 2344 1072 2414 luctantes
1090 2341 1287 2412 etiam
1308 2366 1474 2438 pene
1493 2339 1900 2414 hortabantur
1914 2342 1997 2414 ad
2011 2369 2319 2444 pugnam.

272 2440 409 2514 Sed
423 2466 574 2512 cum
589 2443 699 2512 ille
717 2466 822 2512 me
841 2437 1088 2512 servum
1109 2464 1364 2511 vocaret
1383 2490 1407 2525 ,
1422 2465 1552 2540 ego
1567 2440 1988 2537 impostorem
2007 2443 2323 2536 dicerem3

283 2564 438 2610 cum
454 2540 566 2610 ine
587 2541 957 2611 Gallionem
975 2584 999 2618 ‚
1033 2563 1159 2637 ego
1173 2533 1538 2610 libertatem
1558 2585 1581 2617 ,
1620 2539 2108 2609 inclamaremus
2129 2585 2151 2619 ‚
2172 2542 2327 2611 alius

289 2639 490 2711 minis
512 2684 537 2721 ‚
574 2638 727 2707 alius
760 2636 917 2707 fletu
946 2658 1204 2733 ageret3
1234 2660 1499 2737 uterque
1519 2636 1716 2706 veluti
1734 2659 1847 2736 per
1863 2636 2323 2734 compendium

288 2733 700 2807 confluentes
737 2734 814 2805 ad
855 2731 1270 2831 spectaculum
1303 2736 1603 2807 homines
1638 2730 1756 2807 suae
1777 2732 1971 2807 causae
1994 2736 2325 2818 admonet.

289 2834 417 2908 Ille
454 2836 771 2905 callionis
806 2831 1049 2907 servum
1070 2882 1093 2918 ,
1132 2836 1442 2908 Callionis
1467 2832 1803 2935 fugitivum
1824 2835 2119 2928 dicebat3
2172 2841 2330 2940 Ego

279 2956 508 3007 contra
525 2935 742 3014 liberis
763 2934 1124 3030 parentibus
1142 2956 1373 3015 ortum,
1394 2959 1632 3035 unaque
1651 2961 1840 3009 coena
1861 2938 2161 3035 improbe
2181 2963 2326 3009 em-

278 3056 464 3133 ptum
505 3032 884 3108 referebam.
946 3029 1101 3107 Visa
1138 3059 1236 3106 res
1280 3037 1671 3108 multitudini
1692 3036 1928 3135 digna,
1974 3060 2167 3130 quam
2189 3060 2323 3201 olon

2183 3155 2216 3201 a
2243 3157 2321 3204 ns

281 3335 473 3369 mn.
516 3317 660 3368 Unde
706 3319 757 3369 δι
792 3317 884 3369 hoc
912 3318 1052 3387 pasto
1083 3318 1274 3374 effertur
1332 3317 1462 3373 Alias
1492 3317 1792 3387 proverbium
1822 3315 2029 3370 referunt
2055 3318 2113 3371 ad
2140 3320 2327 3385 alinum

276 3387 505 3453 adagium
520 3416 536 3441 ‚
562 3387 676 3443 aro·
690 3386 750 3438 πὶ
765 3383 863 3437 ὅτι
877 3386 1020 3445 mcliv,
1035 3390 1178 3455 afim
1191 3408 1272 3440 aa·
1331 3405 1432 3440 non
1445 3385 1877 3444 auscultantede
1892 3402 2057 3439 canere
2067 3406 2327 3450 conantem

270 3459 442 3507 ricula
466 3471 647 3504 meen-
682 3455 759 3509 Est
784 3470 941 3508 autem
959 3456 1104 3508 Afino
1134 3473 1269 3509 natu·
1332 3459 1442 3524 lyra.
1466 3458 1727 3511 Lucienus,
1757 3455 1795 3521 a)
1809 3453 2010 3518 μίλιςιι
2027 3455 2191 3509 ὁπόταν
2206 3459 2323 3522 ὅθι,

277 3525 382 3575 tale
408 3537 541 3573 aures
572 3539 758 3575 movere
774 3555 796 3584 2
820 3528 963 3576 veluti
979 3524 1209 3593 significet
1230 3524 1274 3576 se
1338 3523 1378 3589 ις)
1409 3520 1551 3587 dego}
1578 3518 1683 3586 cinq
1708 3521 1823 3581 ὅνφ·
1840 3523 2110 3591 ιύπλλύρυ
2129 3561 2145 3583 ,
2176 3517 2321 3593 φαζὲζ

275 3591 545 3660 intelligere
569 3594 694 3662 quod
708 3608 808 3644 non
822 3593 1116 3645 intellexerit.
1136 3593 1276 3662 Apud
1337 3590 1460 3643 idest
1475 3622 1497 3650 ,
1527 3593 1719 3640 maxime
1738 3592 1777 3655 fi
1793 3594 1959 3660 qundo
1984 3599 2103 3644 caude
2132 3602 2327 3666 cupitque

280 3658 478 3712 suidam
495 3677 510 3710 ε
1322 3659 1505 3725 festinan
1524 3689 1545 3717 ,
1561 3677 1614 3706 ac
1624 3658 1784 3728 lepidus
1796 3661 1941 3718 ’niden'
1953 3694 1975 3725 ‚
1992 3662 2129 3729 ψη
2142 3698 2166 3727 ,
2177 3670 2323 3734 ajunt,

321 3725 477 3785 O‘vss·
495 3728 625 3796 λύρας
643 3728 787 3792 ἴυζ’·
808 3762 826 3785 ,
865 3725 878 3745 ⁸
900 3727 1123 3794 damry(
1140 3725 1207 3779 ὗς.
1333 3725 1439 3796 lyr)
1461 3744 1634 3782 canens.

307 3797 494 3865 ‚Afin-
505 3803 644 3869 (γαπ
664 3802 768 3868 ‚sue
866 3795 1104 3865 iitfloln'du
1116 3796 1278 3848 tabani.
1763 3868 1801 3920 Β
2206 3863 2307 3913 Α.

1836 3882 1858 3934 5
2145 3877 2169 3909 ¹
2314 3896 2335 3907 ·
2366 3898 2373 3904 ·
