2738 4475
782 262 837 331 Ρ
938 279 983 328 Α
1089 285 1140 336 R
1240 283 1275 332 e
1368 263 1549 335 ‘1v.
2081 269 2210 346 353

282 391 415 468 Isto
450 390 732 493 denique
761 387 971 467 seculo
988 391 1123 464 haec
1139 415 1219 463 ex
1238 390 1575 464 hominum
1592 387 1826 463 animis
1843 386 2058 483 caligo
2070 406 2214 454 eva·

185 495 322 565 nuit
346 542 368 576 ,
386 496 511 584 iarn
528 494 609 565 ad
628 493 840 565 omnis
860 492 1114 595 generis
1134 489 1332 562 astum
1352 491 1693 660 lucemtzue
1707 485 2113 586 compofitis.

279 596 431 666 Nec
481 611 678 663 tantae
737 591 1107 665 mutationis
1148 589 1457 662 indicium
1490 590 1559 660 in
1614 589 1817 662 itteris
1854 605 2107 658 tantum
2143 589 2215 655 δε

180 687 417 763 scholis
447 688 682 763 existit.
730 693 1109 791 Regnorum
1129 733 1155 773 ,
1190 694 1258 761 δε
1276 711 1484 760 rerum
1503 687 1888 785 publicarum
1911 706 2214 757 momen-

182 809 254 860 ta
277 793 480 862 multo
497 791 779 886 callidius
847 812 1125 864 tocurata
1143 818 1167 880 ς
1188 789 1354 861 bella
1375 788 1750 886 ingeniosius
1766 806 1870 861 aut
1883 786 2092 868 illata,
2107 800 2217 853 aut

184 886 467 986 repulsat
503 896 569 961 δι
608 891 675 961 in
694 917 801 963 mu
828 913 1036 963 torum
1054 889 1469 962 artificiorum
1490 890 1797 961 culturam
1810 906 1987 958 tanta
2002 880 2218 956 felici-

184 1006 311 1070 tas,
336 1006 403 1058 ut
418 987 715 1088 quidquid
738 987 1138 1065 invenustum
1160 1013 1230 1060 ac
1252 987 1405 1059 rude
1425 987 1547 1067 est,
1569 988 1636 1060 id
1655 988 1758 1063 vel
1776 987 2041 1086 dignum
2056 981 2212 1062 effe,

186 1090 292 1158 vel
312 1106 526 1159 natum
546 1089 806 1163 incultis
827 1087 1139 1185 majorum
1162 1087 1448 1161 moribus
1463 1134 1487 1170 ,
1532 1084 1858 1159 cum-fastu
1876 1087 2207 1178 jactemus.

183 1188 336 1259 Nec
351 1186 597 1260 aliunde
612 1209 793 1261 tanta
813 1189 1091 1262 mutatio
1102 1212 1290 1289 quam
1306 1188 1508 1260 veluti
1524 1186 1605 1258 ab
1617 1185 1791 1258 istius
1810 1185 2011 1257 artatis
2024 1181 2223 1255 indo-

173 1286 267 1358 le:
289 1286 463 1378 cujus
481 1288 837 1386 praestantia
852 1285 958 1359 ubi
977 1286 1123 1387 post
1141 1284 1409 1360 definita
1424 1306 1719 1384 tempora
1734 1286 2032 1385 expirarit
2051 1331 2077 1370 ,
2090 1303 2218 1354 tra-

169 1383 286 1457 det
309 1383 566 1460 Orbem
586 1387 796 1466 alteri,
817 1409 914 1469 ae,
922 1387 1092 1488 quod
1111 1384 1329 1459 timeri
1352 1383 1824 1479 potest,rudiori
1838 1386 2064 1486 geni03
2085 1377 2220 1455 for-

169 1481 330 1558 tass‘e
368 1485 438 1558 δι
461 1481 597 1581 ipsa
614 1482 763 1582 post
783 1486 1027 1583 aliquot
1046 1483 1283 1557 deinde
1301 1506 1608 1557 annorum
1626 1482 1892 1583 spatium
1912 1484 2217 1557 reditura.

170 1591 285 1656 Ita
318 1579 680 1655 seculorum
700 1601 1087 1681 atratumque
1106 1579 1464 1654 discrimina
1479 1637 1503 1667 ‚
1543 1606 1676 1654 non
1693 1583 1915 1656 melius
1934 1606 2018 1655 ex
2035 1580 2221 1680 syde-

179 1704 334 1751 rum
349 1698 539 1751 motu
559 1727 583 1766 ,
595 1701 789 1777 quam
808 1702 889 1753 ex
910 1678 1166 1755 humani
1184 1679 1440 1781 generis
1455 1682 1525 1753 in
1541 1680 1710 1756 vatia
1724 1683 1980 1784 ingenia
1995 1705 2067 1756 ae
2082 1678 2224 1754 stu-¹

185 1778 300 1851 dia
312 1776 705 1866 deflexione,
726 1776 1112 1854 distinxeris.

283 1876 420 1949 Sed
450 1878 608 1949 alius
631 1899 940 1977 praeterea
958 1879 1237 1979 impetus
1254 1876 1506 1951 animos
1528 1903 1748 1979 rapere
1766 1876 1929 1952 solet
1945 1927 1968 1963 ‚
2010 1872 2232 1952 certis·

170 1997 310 2076 que
322 1972 663 2049 affetstibus
703 1977 1001 2051 addicere
1021 2007 1043 2064 ;
1084 1979 1199 2050 ille
1217 1978 1523 2051 nimirum
1539 1974 1814 2076 spiritus,
1839 1979 1947 2077 qui
1968 1977 2233 2077 lingulis

173 2074 548 2175 regionibus
570 2101 688 2175 pro
734 2073 1296 2161 rius‚nascentibus
1315 2075 1683 2151 hominibus
1700 2078 1920 2179 patriar
1937 2078 2231 2151 habitum

178 2180 249 2248 δι
270 2174 650 2293 cupiditates
668 2101 882 2251 ffatim
904 2177 1452 2279 ingenerat.Nam
1474 2197 1542 2249 ut
1557 2177 1753 2254 iidem
1774 2175 1904 2249 cibi
1927 2203 2047 2278 pro
2064 2200 2232 2250 con-

176 2272 489 2349 dientmm
504 2294 636 2349 arte
658 2273 949 2376 saporem
969 2275 1234 2377 quidem
1258 2296 1527 2360 mutant,
1536 2298 1835 2351 ceterum
1851 2280 2103 2351 interna
2122 2274 2225 2350 vis

176 2372 390 2446 alendi
421 2395 526 2448 aut
559 2377 836 2459 nocendi
870 2374 1061 2451 nullis
1076 2373 1532 2451 blandimentis
1548 2378 1617 2449 in
1636 2398 1844 2450 totum
1862 2376 2223 2474 corrumpi-

172 2491 278 2545 tur
301 2502 329 2565 3
358 2474 450 2544 ita
476 2474 549 2547 in
583 2477 762 2547 omni
775 2498 972 2576 gente
988 2500 1103 2575 pet
1119 2474 1301 2548 aestus
1324 2473 1800 2549 succedentium
1823 2474 2230 2558 l'aeculorumfi

177 2591 400 2642 mores
415 2567 782 2669 animosque
798 2575 1205 2655 mutantium,
1237 2574 1438 2650 haeret
1456 2575 1748 2674 quadam
1770 2574 1866 2644 vis
1886 2566 2231 2645 inconcus-

178 2666 267 2759 sa,
290 2691 483 2765 quarn
502 2668 1017 2770 hominibus‚pro
1037 2672 1409 2749 conditione
1426 2695 1733 2750 terrarum
1754 2674 1821 2746 in
1844 2672 2068 2772 quibus
2083 2662 2233 2742 nas-

176 2767 243 2838 ci
260 2768 639 2868 contigerit,
655 2767 759 2842 sua
775 2765 900 2841 fata
914 2767 1273 2847 diviserunt.
1329 2777 1514 2851 Hinc
1534 2773 1644 2846 illa
1662 2772 1742 2846 ab
1759 2773 2025 2874 antiquo
2041 2763 2240 2853 vitia:

174 2874 248 2969 βε
285 2869 509 2964 patriae
547 2863 717 2941 sorte
753 2870 1038 2945 durantia
1054 2929 1074 2960 ,
1125 2898 1264 2974 quae
1299 2894 1465 2951 totas
1487 2880 1552 2949 in
1579 2871 1852 2951 historiis
1873 2895 2098 2976 gentes
2118 2887 2229 2942 aut

170 2966 637 3041 commendant
654 3015 677 3049 ‚
713 2990 819 3041 aut
861 2992 1116 3047 notantt
1139 2994 1207 3045 ut
1225 2972 1362 3048 istic
1384 2977 1685 3051 naturalis
1705 2974 1929 3048 levitas
1951 2971 2228 3074 populos

170 3087 318 3165 agat
339 3116 365 3152 ,
399 3065 793 3170 turbidisque
808 3068 1053 3145 incerta
1069 3074 1345 3149 confiliis
1373 3109 1397 3168 3
1433 3078 1564 3149 illic
1588 3078 1855 3175 pingues
1875 3070 2229 3172 gravesque

168 3166 373 3237 animi
404 3165 570 3239 tristi
588 3162 870 3268 superbia
887 3217 911 3253 ‚
943 3193 1248 3273 tanquam
1272 3171 1481 3271 specie
1503 3199 1742 3246 arcanae
1760 3171 2114 3269 sapientiae,
2133 3163 2233 3241 fe·

164 3264 444 3339 rociant:
466 3268 562 3339 illi
579 3262 746 3341 litim
770 3293 902 3341 non
920 3274 1227 3347 tolerent:
1256 3276 1362 3343 alii
1381 3276 1446 3345 in
1467 3275 1921 3349 mutationem,
1943 3291 2061 3340 nec
2083 3292 2236 3366 pro·

167 3357 303 3438 'visa
321 3362 606 3446 consilia,
627 3372 1028 3465 temporariis
1044 3372 1327 3471 ingeniis
1344 3369 1752 3443 incumbant:
1778 3365 1943 3466 apud
1961 3391 2228 3444 caeteros

168 3464 411 3562 placari
434 3487 566 3535 non
588 3464 778 3562 poffit
793 3468 1053 3542 ultionis
1073 3470 1431 3570 ingenium:
1466 3466 1698 3543 Rursus
1723 3469 2024 3541 virtutum
2047 3492 2235 3543 aeter-

172 3562 344 3633 nitas
363 3609 389 3645 ,
425 3563 601 3635 velut
637 3562 1023 3641 haereditatis
1060 3568 1198 3661 jure
1238 3565 1474 3639 sancita
1498 3614 1521 3648 ‚
1574 3571 1640 3640 in
1678 3564 2045 3664 quibusdam
2082 3569 2236 3641 fim-

182 3661 338 3832 ΡῙΞΧ
371 3657 574 3750 fides,
612 3664 683 3746 in
701 3665 838 3738 aliis
873 3691 1147 3742 acumen
1183 3667 1542 3738 animorum
1565 3714 1589 3752 ,
1639 3691 1706 3738 m
1746 3665 2025 3765 pluribus
2045 3663 2236 3746 forti:-

184 3780 254 3833 ω
303 3784 369 3834 0.

1325 3865 1382 3941 Z
2149 3862 2242 3935 Et
