2738 4475
456 250 611 347 698
972 245 1479 322 Roranam.
1534 250 2070 325 Seia-Yatcr

460 390 635 451 quem
654 365 926 428 invidiose
938 365 1362 428 conscenderant
1384 406 1401 433 ,
1414 367 1507 426 seu
1521 367 1770 428 fulmine
1786 372 1955 448 Jovis
1969 370 2322 435 excussossen
2341 372 2518 451 Apot-

455 452 590 510 linis
603 466 773 528 atque
791 451 978 505 Dianae
994 448 1116 505 telis
1131 446 1408 512 confixos,
1424 446 1526 505 hos
1539 447 1641 506 sub
1661 453 1834 508 AEtna
1848 465 2079 516 monte,
2096 451 2218 509 illos
2229 451 2308 509 sub
2319 454 2510 512 insulis

457 532 698 605 Lycone
715 568 732 594 ,
753 530 807 585 δε
826 531 1015 604 Lipara
1028 524 1272 603 sepultos
1286 567 1303 592 ,
1339 527 1476 585 alios
1494 530 1552 584 in
1564 543 1844 586 tartarum
1861 529 2125 588 detrusos
2137 568 2158 590 ‚
2190 545 2255 587 ut
2269 529 2504 611 sacrilegze

456 608 801 667 temeritatis
815 604 918 663 suae
930 623 1120 683 poenas
1140 605 1380 670 luerent,
1398 605 1495 682 ipfi
1510 607 2010 684 Gigantomachiae
2025 612 2290 667 austures
2303 611 2499 668 Quna-

456 701 611 750 runt.
659 687 788 743 Esto
804 698 1198 742 commentum
1214 687 1273 742 in
1290 703 1457 742 cunas
1477 688 1772 745 nutricum
1802 689 2228 746 eliminandum
2248 729 2268 755 ‚
2294 687 2378 746 secl
2394 689 2495 749 illos

456 763 775 828 attendite&
788 760 1086 840 caliginoso
1103 766 1453 822 cruciatuum
1475 764 1625 823 loco.
1676 769 1973 845 [aquator
2001 766 2240 825 infoelix
2273 768 2502 845 Sisyphia

460 846 591 910 ille.
622 845 720 922 qui
736 844 987 900 immane
1006 841 1198 900 saxum
1219 840 1389 921 usque
1402 843 1537 901 adeo
1554 844 1814 905 volvitac
1827 847 2106 904 revolvit:
2151 850 2510 922 ImpurusTi·

460 939 594 1002 tyus
608 960 626 984 ‚
646 922 730 998 cuj
738 940 799 978 us
815 922 1139 978 immortale
1145 926 1303 996 jecor
1320 962 1338 988 ,
1371 941 1435 980 ac
1451 938 1728 1000 perpetuo
1740 925 2026 983 remstens
2037 928 2304 982 corrodit
2322 926 2519 984 vultur:

459 1000 721 1062 Tantalus
736 1000 843 1057 diis
858 999 1068 1058 invisus
1082 1002 1143 1059 in
1167 1002 1360 1058 medio
1389 1020 1663 1079 aquarum
1695 1006 1922 1084 gurgite
1946 1003 2033 1060 fiti
2059 1004 2382 1074 tabescens3
2424 1008 2512 1062 ‘ri-

455 1081 660 1162 phoeus
680 1078 778 1137 ille
789 1078 858 1137 ab
869 1098 973 1136 axe
989 1092 1200 1137 temere
1216 1097 1496 1158 occupato
1513 1081 1757 1141 fulmine
1784 1083 2055 1157 dejectus:
2093 1082 2359 1159 alligatus
2384 1099 2515 1143 rote

454 1160 621 1220 Ixion
635 1198 654 1226 ‚
688 1168 917 1215 caeteros
933 1171 998 1214 ut
1014 1159 1276 1217 omittam
1292 1159 1723 1241 theomastiges3
1760 1162 1897 1239 quid
1924 1162 2076 1218 enim
2107 1160 2260 1219 aliud
2290 1163 2515 1221 auribus

446 1238 635 1315 *restris
651 1238 973 1295 intonarent
998 1252 1195 1312 praeter
1209 1238 1354 1295 hanc
1376 1257 1602 1305 vocem,

612 1315 815 1387 Discite
832 1315 1104 1391 justitiam
1133 1320 1317 1374 muniti
1327 1353 1346 1375 2
1392 1317 1465 1386 <5-
1494 1337 1593 1376 non
1620 1334 1834 1376 temnere
1857 1317 2019 1375 dives.

451 1393 755 1456 Insolentia
767 1392 972 1452 scilicet
985 1393 1212 1453 audacia
1228 1397 1358 1454 istos
1374 1397 1690 1454 incredibili
1701 1410 1997 1455 armaverat
2010 1417 2028 1453 ·.
2056 1395 2215 1470 Quid
2228 1395 2496 1454 Catilina!

453 1493 647 1535 nonne
663 1473 1080 1550 magistratuum
1090 1512 1104 1536 .
1117 1492 1262 1551 quos
1277 1492 1369 1531 am
1377 1473 1530 1532 bibat
1545 1472 1640 1550 spe
1657 1477 1970 1540 destitutus,
1985 1474 2182 1534 urbem
2195 1475 2350 1533 orbis
2362 1477 2511 1553 prin·

454 1552 2512 1712 22²3.-{35333252132fflgssffiz‘tssffiffiffiffiffit

352 1737 376 1798 '.
458 1716 544 1770 vis
557 1711 587 1769 a
604 1710 856 1768 manibus
877 1747 894 1772 ‚
914 1711 1066 1786 quod
1086 1712 1367 1788 flagitium
1389 1711 1735 1789 {turpissima
1752 1728 1951 1770 mente
1961 1712 2144 1770 abfuit
2163 1713 2184 1766 ?
2203 1713 2378 1770 Mitto
2390 1713 2516 1789 sup·

406 1804 417 1813 ·
455 1791 629 1869 plicia
655 1789 721 1847 ad
752 1788 954 1845 doloris
981 1786 1197 1846 sensum
1217 1789 1555 1848 acerbiffima
1570 1830 1586 1854 ‚
1620 1790 1686 1846 ad
1702 1807 1897 1850 notam
1913 1791 2167 1848 infamiae
2185 1790 2515 1868 rurpiffima.

460 1870 671 1948 quibus
689 1869 834 1926 viros
846 1851 1185 1928 clarissimos,
1208 1874 1264 1929 δι
1281 1871 1502 1927 virtutis
1519 1908 1536 1928 .
1552 1868 1788 1925 fortunae
1808 1910 1824 1935 ‚
1842 1871 2064 1948 ingenii
2076 1872 2428 1927 ornamentis
2441 1869 2510 1926 il·

458 1948 656 2006 lustres
669 1947 1007 2005 excruciatos
1028 1948 1261 2004 necavit.
1304 1951 1436 2006 Non
1453 1948 1578 2005 dico
1595 1946 2023 2023 proscriptiones
2036 1948 2251 2005 civium
2266 1985 2284 2008 ,
2318 1948 2510 2023 prodi-

461 2028 650 2085 tiones
666 2028 1021 2104 Optimatum
1041 2067 1056 2091 ,
1072 2026 1296 2094 urbium
1315 2064 1332 2087 .
1347 2042 1510 2102 atque
1522 2029 1935 2102 provinciarum
1952 2026 2356 2103 populationes.

548 2107 785 2164 Foedum
817 2105 894 2163 est
925 2107 1076 2163 dictu
1109 2105 1260 2184 quod
1290 2108 1367 2162 M.
1387 2106 1658 2161 Antonius
1686 2105 1991 2180 Cleopatrae
2001 2105 2246 2176 pretium
2288 2101 2488 2158 libidi-

459 2202 604 2243 num
631 2186 959 2243 Romanum
980 2187 1274 2262 imperium
1290 2181 1574 2260 proposuit.
1635 2183 1802 2252 Quod
1828 2181 2091 2236 Hercules
2115 2183 2397 2255 imperata
2412 2178 2492 2239 ab

449 2264 576 2340 ‚Om
584 2262 745 2339 phale
761 2264 978 2339 Regina
996 2266 1270 2341 Lydorum
1299 2260 1449 2336 pensa
1466 2260 1802 2316 muliebriter
1819 2260 2150 2316 trastaverit.

612 2342 732 2420 Jus
760 2340 919 2398 habet
945 2346 1034 2401 §He
1047 2344 1167 2417 Jiu‘,
1200 2340 1335 2418 palpo
1361 2357 1514 2417 quem
1538 2338 1680 2396 ducit
1707 2336 1940 2397 hiantem

625 2427 856 2480 Cretam
888 2422 1102 2485 ambitio
1119 2434 1143 2478 ἕ

459 2498 567 2559 His
581 2500 748 2577 adjun
792 2502 882 2560 ite,
900 2497 1570 2576 filubet,Tarquin’10rum
1587 2493 1931 2572 superbiatm
1974 2493 2397 2555 &insolentiam
2417 2510 2498 2555 ne-

457 2580 561 2637 nui
579 2581 761 2655 penici
790 2579 842 2635 lo
858 2579 1231 2636 adumbrastis.

543 2658 749 2714 Adhaec
765 2656 994 2714 Rosetus
1015 2680 1026 2714 ε
1051 2660 1139 2714 Ne
1158 2660 1365 2716 vivam.
1378 2655 1473 2713 vix
1491 2654 1816 2733 gratioribus
1833 2653 2135 2712 lenociniis
2149 2653 2508 2729 Euphor-mio

454 2754 543 2794 res
556 2768 573 2799 2
602 2734 848 2811 personas
875 2735 1186 2794 adumbrat.
1251 2739 1432 2793 Caute
1464 2750 1653 2791 tamen
1685 2733 1985 2811 legendum
2019 2733 2509 2810 Euphormionem

460 2830 643 2889 nuper
661 2811 1028 2872 admonebam
1046 2855 1062 2879 .
1096 2818 1154 2873 ὃ(
1185 2835 1258 2873 ne
1286 2815 1560 2872 drachma
1589 2826 1919 2890 quaereretur
1950 2813 2013 2869 in
2051 2813 2302 2870 stercore.
2358 2811 2513 2885 Qa-

456 2903 715 2970 propter‚
758 2888 941 2949 subdit
970 2891 1064 2949 ille
1083 2934 1100 2957 ‚
1131 2895 1209 2951 est
1237 2893 1396 2970 quod
1425 2911 1688 2950 moneam
1709 2891 1927 2949 solertes
1939 2889 2504 2967 effenosoporterein

454 2968 738 3046 ruspandis
753 2971 903 3051 antiq
914 2972 1093 3029 uitatis
1110 2972 1400 3029 ruderibus
1417 3010 1434 3033 .
1480 2975 1536 3029 δι
1564 2971 1819 3028 eruendis
1830 2969 1860 3028 ὲ
1877 2972 2101 3027 stercore
2115 2970 2324 3045 aliquot
2336 2967 2504 3023 micis

455 3050 576 3107 auri
598 3087 615 3113 .
630 3067 700 3106 ne
715 3062 903 3108 totum
924 3051 1340 3130 sterquilinium
1360 3070 1466 3127 pro
1479 3071 1618 3108 auro
1633 3050 1925 3107 habeatur:
1965 3046 2049 3105 sed
2077 3065 2267 3123 aquam
2302 3043 2500 3100 molli-

453 3141 544 3186 ter
559 3129 829 3187 fluentem
847 3132 906 3189 in
922 3130 1166 3188 cloacam
1196 3130 1412 3187 diverte
1425 3129 1489 3186 ad
1515 3130 1742 3186 hortum
1763 3142 1946 3193 tuum,
1961 3128 2013 3183 in
2029 3144 2137 3203 quo
2156 3122 2298 3182 nihil
2315 3120 2508 3179 sordi·

452 3211 595 3265 dum
614 3248 630 3272 ,
662 3225 934 3286 quantum
951 3208 1196 3285 conjicio
1212 3249 1226 3269 .
1261 3211 1553 3284 impurum
1577 3207 1752 3273 nihil;
1807 3208 1898 3267 sed
1917 3207 2109 3283 ubique
2132 3204 2315 3260 rident
2333 3207 2395 3262 δι
2416 3202 2516 3258 de·

450 3286 665 3355 ledant
682 3290 844 3346 flores
863 3291 988 3347 nive
1005 3288 1352 3346 candidiores
1371 3326 1385 3351 ,
1408 3288 1616 3363 ubique
1638 3286 1754 3343 lilia
1770 3327 1786 3351 ,
1824 3289 1879 3344 δι
1898 3283 2029 3347 rosa:
2046 3297 2324 3341 vernantes
2338 3282 2523 3337 virtu·

455 3364 612 3425 tibus
629 3389 643 3424 :
658 3368 802 3432 1m0,
822 3373 877 3428 δε
894 3387 1047 3444 aquae
1065 3364 1313 3424 salientes
1330 3368 1390 3422 in
1408 3368 1582 3423 viram
1601 3380 1867 3423 aeternam
1891 3365 2062 3424 illam.
2079 3362 2170 3420 ubi
2185 3374 2380 3418 totum
2399 3362 2520 3421 stat.

453 3445 515 3504 &
534 3444 679 3501 nihil
700 3447 845 3505 fluit.
879 3448 982 3503 Sed
997 3447 1143 3503 unde
1158 3443 1423 3521 dign-effus
1438 3445 1515 3501 est
1533 3444 1716 3500 sermo
1733 3457 1864 3500 tuus
1887 3485 1903 3506 ‚
1929 3440 2115 3520 quaeso
2146 3441 2310 3497 illum
2331 3435 2515 3514 ipsum

453 3534 660 3580 retexe.
717 3526 980 3583 Attamen
1010 3522 1451 3602 quotusquisque
1480 3525 1555 3580 est
1579 3561 1594 3585 ‚
1632 3541 1804 3597 quem
1842 3523 2010 3579 ardor
2026 3521 2215 3598 gloriae
2233 3537 2350 3575 non
2363 3518 2516 3574 exsti·

457 3598 641 3660 mulat
659 3602 791 3678 iqui
810 3619 988 3662 careat
1002 3604 1301 3680 cupiditate
1315 3602 1649 3659 dominandi
1668 3601 1803 3676 ?qui
1837 3599 2148 3657 humanam
2167 3616 2285 3654 non
2301 3610 2516 3674 appetat

456 3680 698 3814 glorian?¹
715 3681 735 3731 ?
753 3681 1004 3740 Ferimur
1021 3700 1214 3739 omnes
1232 3682 1411 3738 studio
1428 3680 1600 3738 laudis
1614 3717 1629 3743 ‚
1671 3683 1726 3737 ἃ(
1745 3679 2006 3753 optimus
2020 3674 2261 3755 quisque
2280 3677 2525 3733 maxime

455 3760 635 3839 gloria
706 3759 903 3819 ucitur.

542 3837 781 3901 1m0.ait
799 3836 1190 3915 Alethophilus
1206 3877 1221 3903 ‚
1236 3838 1485 3917 pestisest
1501 3832 1783 3895 Colchicis
1802 3833 1982 3893 etiam
1999 3837 2235 3893 venenis
2253 3833 2514 3895 funestior.

2402 3927 2535 3990 qua:
