2738 4475
955 232 1714 308 PARsIV.
2183 256 2330 329 505

290 353 511 430 ‘autem
525 352 761 428 blanda
784 356 847 426 δι
876 354 1215 454 irrequieta
1233 352 1547 451 cupiditas
1563 398 1587 433 ‚
1607 352 1693 421 iis
1709 347 1858 447 ipfis
1876 348 2199 443 placendi,
2231 357 2341 451 qui

298 456 486 530 nobis
505 456 632 529 five
655 451 819 525 forte
840 499 862 534 ,
883 453 1009 527 five
1028 451 1132 526 sua
1150 452 1381 525 virtute
1399 498 1421 532 ‚
1441 450 1571 522 five
1587 448 1807 521 nostro
1828 448 2108 544 denique
2127 473 2340 525 errore

298 559 691 654 placuerunt.
751 555 916 627 Etis
934 552 1222 653 quidem,
1242 551 1416 624 velut
1439 549 1704 631 insidiis,
1723 550 1812 619 ita
1830 551 2055 644 irrepit
2078 597 2101 630 ,
2136 572 2205 618 ut
2228 578 2343 620 nos

296 677 449 728 ante
465 654 807 727 sentiamus
831 677 1039 727 amare
1064 708 1089 739 ‚
1106 677 1297 751 quam
1319 649 1715 721 instituamus
1738 647 1816 719 de
1841 647 2120 719 amando
2138 648 2345 720 consr-

303 745 489 827 lium.
552 757 801 852 Neque·
837 752 1098 826 arduum
1121 754 1189 823 in
1211 749 1359 849 ipfis
1383 750 1586 820 initiis
1605 746 1758 820 effer
1776 768 2073 819 excutere
2094 769 2344 821 tantum

299 854 555 951 pondus
573 884 596 944 ·‚
644 851 755 924 nisi
780 849 1008 925 sensim
1027 874 1240 951 neque
1260 848 1391 923 fine
1409 845 1711 922 suavitate
1731 847 2107 920 incumbens
2123 849 2210 919 ita
2230 874 2341 920 eos

302 949 473 1049 ipsos
493 952 613 1024 suis
629 953 967 1025 lenociniis
993 972 1246 1052 caperet
1266 1000 1291 1037 ‚
1377 973 1493 1019 uos
1513 947 1764 1048 affligit,
1787 944 2133 1044 praesertim
2150 949 2340 1020 inex-

303 1074 519 1150 pertos
537 1101 561 1137 ‚
576 1074 642 1124 ut
661 1071 889 1151 putent
905 974 1588 1123 inhumanum‘iacinus
1612 1044 1752 1118 fore
1766 1093 1790 1126 ‚
1810 1045 2049 1144 sibique
2066 1051 2342 1121 omnino

297 1152 789 1226 incommodum
810 1201 832 1234 ,
862 1151 903 1223 fi
921 1149 1252 1224 influentis
1278 1150 1433 1220 mali
1447 1146 1853 1219 dulcedinem
1877 1145 2070 1218 ausmt
2107 1143 2227 1220 ise
2247 1150 2346 1220 se-

297 1276 454 1322 vero
473 1254 751 1351 imperio
771 1276 1009 1324 arcere.
1060 1256 1217 1326 Hoc
1240 1269 1454 1319 autem
1474 1243 1737 1330 affestu‚
1760 1244 1803 1316 fi
1830 1243 2149 1318 institutio
2163 1250 2340 1319 reela

300 1348 622 1434 accefferit
643 1398 665 1433 ,
705 1352 869 1425 nihil
904 1354 971 1423 in
1007 1347 1383 1423 mortalibus
1405 1347 1607 1443 magis
1631 1345 1961 1417 eximium.
2032 1351 2341 1446 Namque

288 1458 364 1522 &
403 1450 705 1522 omnibus
739 1449 1077 1521 virtutibus
1119 1445 1439 1546 quandam
1480 1468 1559 1516 ex
1598 1441 1661 1515 se
1696 1444 2086 1518 venustatem
2118 1449 2340 1519 conci-

291 1550 492 1627 lians,
509 1547 836 1618 interdum
856 1545 984 1643 ipsa
1002 1546 1157 1617 vitia
1176 1542 1449 1617 excusat.
1504 1545 1680 1615 Male
1706 1545 2118 1620 nibilominus
2140 1542 2342 1618 severi

296 1645 600 1717 homines
622 1652 937 1717 Amorem
956 1642 1332 1726 aversantur,
1350 1667 1624 1742 eumque
1656 1640 1831 1719 sceda
1853 1655 1918 1719 δι
1940 1647 2159 1718 enervi
2178 1647 2341 1717 ima-

297 1747 454 1842 gine
491 1744 601 1816 fibi
652 1742 944 1843 fingunt:
1000 1770 1130 1842 quo
1162 1742 1324 1825 nihil
1360 1745 1427 1814 in
1459 1740 1751 1815 humanis
1784 1744 1968 1817 rebus
1990 1743 2336 1843 syncerius5

293 1844 500 1917 modo
517 1846 579 1915 in
601 1844 783 1936 justis
805 1844 1114 1915 limitibus
1135 1901 1154 1927 ,
1192 1848 1258 1914 &
1301 1842 1341 1917 ὲ
1360 1843 1593 1926 virtute
1620 1840 1803 1914 fabiis
1822 1899 1843 1929 ‚
1877 1844 2102 1916 ardens
2123 1889 2145 1924 ,
2203 1868 2339 1917 non

287 1945 489 2016 etiam
507 1941 618 2013 suo
636 1943 944 2015 incendio
963 1970 1106 2042 quae
1129 1964 1420 2024 vetantur
1441 1943 1761 2039 corripiat.
1832 1947 2075 2042 Neque
2096 1945 2163 2014 iu
2184 1942 2339 2018 adoa-

286 2042 671 2116 lescenribus
692 2064 944 2118 tautum
966 2088 987 2122 ,
1026 2065 1132 2113 aut
1153 2066 1413 2115 maturae
1433 2045 1639 2117 aetatis
1659 2044 2028 2114 hominibus
2050 2091 2071 2124 ‚
2110 2042 2339 2118 blanda

288 2146 398 2218 illa
417 2144 727 2242 cupiditas
762 2142 1163 2213 concitatur:
1209 2137 1315 2214 sed
1337 2146 1403 2211 δι
1427 2166 1654 2237 pueros
1674 2144 1737 2212 in
1760 2143 2038 2214 innoxiis
2061 2140 2335 2220 solicitat

289 2247 500 2328 annis,
525 2266 592 2314 ut
610 2243 935 2342 intelligas
960 2243 1128 2313 hunc
1147 2243 1373 2340 ignem
1394 2241 1604 2340 dignis
1627 2243 1993 2337 pastoribus
2059 2242 2177 2315 ene
2198 2268 2335 2319 non

285 2364 422 2415 tam
441 2342 743 2414 accedere
765 2368 952 2438 quam
973 2339 1239 2425 innasci.
1308 2344 1397 2414 Et
1435 2344 1740 2438 quoniam
1765 2343 1977 2414 minus
1997 2269 2059 2413 se
2081 2368 2148 2415 re
2197 2354 2331 2424 ere‚'

289 2439 606 2540 curisque,
628 2444 825 2513 etiam
846 2438 1248 2539 supervacuis
1267 2484 1288 2516 ‚
1337 2442 1656 2511 moderari
1680 2444 1854 2535 pueri
1876 2451 1940 2514 &
1966 2369 2192 2512 adoles

248 2602 261 2625 ,
288 2563 389 2614 tes
417 2537 665 2638 po'ffunt
698 2571 726 2630 3
771 2540 920 2610 ideo
953 2543 1158 2639 magis
1195 2542 1380 2610 anxia
1402 2543 1468 2611 in
1489 2540 1632 2636 ipsis
1654 2538 1791 2609 haec
1813 2536 2153 2610 solicitudo
2176 2537 2337 2618 solet

294 2638 689 2709 incumbere.
760 2639 1043 2735 Indeque
1080 2640 1205 2709 illis
1231 2641 1477 2709 animus
1500 2637 1577 2709 ad
1599 2638 1834 2710 eximia
1855 2635 2220 2736 consurgit,
2266 2648 2336 2717 &

295 2734 470 2809 suam
489 2759 740 2821 aetatem
762 2733 1136 2836 supergressa
1161 2770 1183 2829 3
1232 2758 1536 2836 tanquam
1554 2780 1559 2785 -
1575 2736 1721 2836 ipsis
1744 2735 1869 2809 hoc
1888 2740 2341 2835 experimento

291 2836 655 2936 probaturis
672 2885 695 2921 ,
734 2862 812 2906 an
851 2834 1031 2933 digni
1071 2834 1189 2907 (int
1228 2838 1334 2935 qui
1349 2839 1486 2932 jam
1507 2861 1741 2910 ament.
1802 2836 2339 2917 Adolescentulus

286 2936 550 3037 quidam
575 2939 640 3008 in
666 2934 915 3009 Scholis
938 2935 1194 3035 agebat,
1216 2942 1417 3007 multa
1435 2963 1578 3009 cura
1600 2936 1986 3037 monitisque
2006 2937 2337 3035 magistro-

285 3062 425 3110 rum
446 3036 718 3136 inpares
738 3034 858 3108 suae
876 3038 1049 3110 aetati
1078 3035 1441 3135 disciplinas
1460 3036 1837 3110 solicitatus.
1913 3036 2040 3109 Sed
2071 3039 2338 3136 ingratae

2108 3135 2340 3205 litterae

292 3250 405 3303 diffc
419 3253 664 3306 nottenfio
677 3290 694 3313 ‚
729 3257 845 3306 nibil
875 3271 983 3308 eum
1012 3251 1177 3305 studiis
1190 3253 1282 3307 suis
1351 3263 1585 3307 Amantur
1603 3255 1653 3302 δε
1668 3253 1715 3302 hi
1733 3253 1782 3303 in
1800 3249 1969 3320 quibus
1985 3252 2153 3308 fiducia
2168 3254 2233 3305 est
2247 3289 2267 3312 ,
2284 3256 2336 3306 δε

2181 2467 2338 2511 cen-
2396 2466 2397 2469 ’

291 3318 916 3381 attuliss‘eincommod³‚sed
934 3325 1090 3391 potius
1108 3324 1283 3375 laboris
1356 3326 1524 3390 quibus
1554 3324 1666 3374 vitia
1698 3320 1973 3389 deteguntur
1992 3355 2008 3381 ,
2046 3323 2096 3371 δι
2124 3325 2203 3391 qui
2238 3341 2337 3375 uon
2419 3354 2424 3361 -

289 3386 470 3439 socium
499 3386 643 3440 fuiss‘e.
695 3393 754 3442 Hi
787 3392 978 3443 demum
1007 3388 1114 3442 sunt
1143 3392 1281 3442 amici
1350 3391 1454 3443 sunt
1467 3388 1813 3442 formidabiles.
1864 3387 2185 3443 Theodericus
2202 3392 2341 3443 timet

287 3459 386 3509 vexi
406 3490 421 3515 ,
437 3458 520 3525 qui
539 3455 747 3510 absentes
765 3462 816 3509 δε
830 3459 1071 3525 ρηίὶηιεε
1088 3492 1104 3515 ,
1135 3461 1187 3527 iu
1201 3461 1281 3510 ad·
1349 3463 1506 3512 timeri
1528 3493 1542 3515 ,
1570 3475 1667 3508 non
1685 3459 1765 3508 ille
1780 3456 1859 3525 qui
1875 3459 1942 3507 ait
1960 3492 1975 3515 ,
2012 3458 2203 3512 oderint
2228 3462 2344 3514 dum

283 3525 417 3580 verfl
431 3541 483 3578 ut
499 3526 548 3576 iu
567 3523 776 3593 prospera
790 3525 978 3577 fortuna
1005 3527 1175 3593 politos
1207 3526 1283 3578 fo·
1352 3542 1576 3579 metuant.
1601 3533 1792 3575 ‘verum
1811 3541 1971 3576 natura
1987 3530 2206 3581 amiciti:
2223 3531 2270 3582 in
2286 3547 2348 3583 co

284 3609 418 3651 vent,
440 3595 497 3646 fir
512 3596 642 3643 enim
659 3596 929 3661 plerumque
951 3597 998 3643 in
1018 3594 1258 3646 inconstan
1351 3600 1501 3665 magis
1516 3592 1737 3650 consistit,
1756 3608 1807 3644 ut
1822 3610 1971 3651 ames,
2022 3610 2128 3648 uam
2143 3613 2195 3649 ut
2212 3613 2347 3648 ame-

279 3664 412 3715 tibm
442 3666 494 3714 δι
525 3661 652 3713 fallis
667 3663 832 3713 amicis
849 3662 961 3715 illud
975 3663 1276 3723 ovidianum,
1350 3665 1430 3715 ris.
1469 3663 1542 3717 Ad
1559 3678 1770 3723 amorem
1790 3660 1988 3715 affl-&uo
2011 3681 2089 3717 um
2115 3668 2344 3732 proclives

281 3734 675 3795 bhmsuetisfoeILr
688 3735 839 3780 multu
858 3733 1091 3780 numerabis
1104 3739 1280 3795 miter,
1351 3732 1455 3784 sunt
1472 3730 1821 3788 Melancholici‚
1840 3730 1990 3799 pueri,
2006 3731 2157 3795 senes,
2176 3735 2344 3789 mulie·-

345 3810 555 3869 Tempora
565 3800 777 3863 fisus-rint
790 3799 957 3861 nubila,
969 3803 1082 3866 βίαι
1104 3804 1204 3853 m's.
1345 3817 1439 3863 res,
1459 3803 1684 3870 principes
1699 3800 1822 3856 viri,
1844 3802 1894 3851 δι
1912 3800 2111 3853 studiofi.
2166 3806 2179 3820 ⁸

357 3906 382 3933 x
473 3869 499 3911 ἐ
1283 3878 1294 3887 ’
1682 3873 1705 3918 1
1724 3870 1738 3917 i
1779 3884 1801 3931 ς
2183 3881 2204 3915 1
2225 3873 2348 3920 Nm
