2738 4475
482 237 627 309 230
952 209 2044 288 nummasii-num

484 334 910 410 instauravere
922 328 1299 436 supplicium
1313 356 1592 410 tortores
1613 381 1635 416 ‚
1654 330 2050 437 flagellisque
2064 334 2411 405 laceratum
2432 332 2519 406 ad

482 434 756 508 latebras
791 437 969 507 aulai
1000 435 1409 515 reduxerunt.
1458 442 1720 508 Secutus
1749 434 1843 507 est
1864 453 2207 508 concentus
2225 432 2514 504 musico-

480 559 617 609 rum
632 577 657 618 2
700 534 968 608 minime
996 559 1215 634 gratus
1230 535 1474 608 autibus
1493 537 1675 607 meis.
1725 539 1779 607 F
1783 533 2153 635 ingebantur
2167 534 2342 604 enim-
2361 536 2512 632 qui-

478 634 629 706 dam
661 657 743 706 ex
779 634 1118 706 lcoleonte
1139 632 1478 732 piscatores
1495 633 1858 707 hordeaceo
1872 631 2099 711 tumidi
2119 655 2274 730 potu
2289 633 2509 731 inepta

470 732 648 831 vulgi
669 730 951 806 carmina
970 732 1037 803 in
1056 733 1458 832 Liphippum
1476 734 1766 807 recitare.
1945 725 1950 731 ²

513 907 523 913 ,
577 832 785 906 Aous
821 854 975 906 vero
994 877 1016 911 ‚
1055 836 1164 932 qui
1186 831 1596 931 sequebatur,
1637 831 1770 905 haec
1786 831 2055 906 omnino
2069 828 2513 924 memorabilia

466 927 832 1024 exhibebat.
903 928 1377 1032 Argyrostratus
1439 933 1700 1005 Labetri
1741 960 1860 1032 prae
1872 929 2068 1005 fedius
2103 931 2514 1029 querebatur,

470 1027 857 1103 fibitantum
881 1033 1165 1128 pecuniae
1187 1051 1489 1129 quantum
1512 1034 1864 1132 Protagoni
1880 1055 2011 1101 non
2030 1030 2154 1101 effe
2174 1075 2197 1112 ,
2221 1025 2284 1100 se
2301 1054 2513 1128 patet-

472 1129 1060 1226 namopulentiam
1095 1131 1163 1203 in
1205 1116 1466 1201 Labetri
1503 1131 1745 1201 milites
1780 1127 2190 1226 diffipaviffe,
2226 1137 2291 1201 δι
2335 1127 2510 1227 spem

470 1251 618 1300 cum
638 1226 1008 1300 Alexandro
1023 1225 1309 1301 servasse.
1365 1234 1580 1328 ltaque
1603 1256 1820 1328 regem
1854 1227 2247 1327 Liphippum
2271 1230 2515 1300 ambie-

470 1324 581 1406 bat
602 1374 627 1412 9
661 1346 730 1408 ut
749 1325 863 1397 fibi
877 1326 1045 1423 apud
1060 1326 1594 1425 Despotikyrium
1622 1326 1878 1398 faveret.
1940 1332 2088 1401 Rex
2116 1326 2514 1425 Despotiky-

474 1426 637 1497 rium
658 1421 902 1498 servum
921 1423 1181 1526 supplex
1201 1431 1483 1529 rogabat,
1505 1453 1571 1499 ut
1596 1429 2072 1529 Argyrostratus
2087 1451 2166 1498 ex
2188 1428 2510 1501 indiarum

476 1524 779 1623 vectigali
811 1522 1259 1602 absolveretur.
1337 1533 1588 1601 Contra
1622 1529 2115 1627 Despotikyrius
2137 1524 2514 1626 disputabat,

477 1621 1009 1722 Argyrostratum
1025 1649 1275 1701 tantum
1294 1625 1476 1701 famae
1497 1635 1614 1702 illo
1628 1631 1808 1702 bello
1824 1625 2124 1726 quaesiisse
2140 1669 2165 1706 ‚
2202 1649 2509 1726 quantum

479 1746 617 1796 non
651 1725 839 1822 ipsius
875 1748 980 1800 aut
1017 1731 1327 1822 majorum
1344 1727 1664 1801 institores
1680 1727 1978 1797 omnibus
1995 1727 2438 1799 mercimoniis
2454 1749 2527 1795 e-

482 1819 777 1896 missentt
818 1829 1037 1899 Etiam
1072 1824 1327 1898 fratrem
1363 1850 1683 1896 armorum
1719 1822 2041 1893 beneficio
2057 1821 2369 1895 sublatum
2391 1883 2414 1909 ,
2450 1832 2524 1897 8(

479 1924 770 2020 opimam
790 1922 1207 1997 hereditatem
1222 1921 1813 2018 adArgyrostratum
1829 1943 1978 1988 cum
1997 1942 2081 1986 eo
2094 1920 2268 1986 Ιυᾶυ
2288 1945 2529 2013 perve-

483 2019 659 2094 nisse.
712 2024 1034 2116 Expecstet
1051 2022 1161 2088 ille
1175 2066 1196 2097 ‚
1216 2021 1446 2112 inquit,
1465 2018 1672 2085 donec
1692 2016 1959 2084 vifioria
1978 2036 2082 2083 aut
2101 2009 2354 2082 foedere
2369 2015 2519 2085 haec

482 2116 828 2210 tempestas
846 2115 1158 2211 quieverit
1175 2139 1196 2182 .·
1236 2115 1569 2210 tranquilla
1591 2111 1927 2183 lcoleonte
1942 2166 1963 2193 ,
2003 2111 2224 2180 civitas
2244 2130 2376 2195 tua,
2397 2111 2513 2183 ubi

478 2212 699 2292 mundi
727 2214 1021 2284 nundinae
1059 2212 1399 2304 agebantur
1419 2264 1440 2294 ,
1480 2216 1702 2280 iterum
1726 2208 1895 2281 felici
1918 2208 2207 2308 portorio
2225 2212 2519 2282 aerarium

331 2378 342 2386 .
474 2334 654 2389 tuum
678 2307 1000 2406 implebit.
1043 2290 1225 2379 lliinc
1249 2314 1580 2407 expeditos
1606 2336 1901 2381 nummos
1928 2307 2389 2410 Argyrosttato
2406 2335 2525 2380 nu·

474 2406 774 2491 merebiS.
826 2410 1025 2481 Nunc
1047 2413 1468 2505 quincuncem
1492 2411 1726 2479 usuram
1750 2437 1893 2480 cum
1909 2410 2037 2480 inis
2053 2407 2520 2481 mercatoribus

478 2509 796 2607 accipiet,
829 2531 995 2607 quos
1033 2509 1111 2579 ad
1143 2511 1494 2609 egestatem
1512 2513 1801 2607 perducis
1820 2505 2135 2579 solutione
2166 2503 2519 2580 fraudatos-

478 2608 786 2686 Nimium
826 2605 921 2677 est
957 2607 1268 2705 dignitate
1290 2617 1355 2681 δι
1376 2608 1605 2707 opibus
1625 2605 1854 2678 florere
1869 2609 2149 2704 privatos
2170 2663 2192 2692 ,
2237 2608 2343 2678 vix
2361 2606 2520 2679 illud

332 2729 337 2734 ·
478 2709 648 2809 patri
664 2729 777 2778 tuo
796 2726 984 2777 tanto
1003 2708 1175 2807 Regi
1196 2707 1563 2780 constanter
1578 2704 1800 2779 contin
1851 2705 1998 2777 ebat
2018 2756 2043 2792 ,
2080 2709 2184 2778 cui
2199 2703 2429 2806 stipem
2447 2707 2517 2778 in

474 2805 988 2882 Melandriorum
1008 2802 1266 2879 familiis
1290 2808 1630 2906 Acigniani
1648 2733 2084 2904 quaesiverunt.

505 2911 510 2916 '
578 2904 779 2996 Qod
798 2903 842 2973 si
860 2924 992 2975 tam
1015 2906 1329 3003 praecipiti
1351 2904 1805 3005 Argyrostrato
1822 2907 2057 2975 utimur
2070 2961 2093 2989 ,
2135 2901 2241 2975 ubi
2263 2899 2400 2974 sunt
2415 2929 2516 2974 ar-

474 3024 577 3078 tes
617 3002 846 3075 nostrae
867 3046 892 3083 ‚
930 3000 1038 3073 ubi
1074 2998 1226 3075 felix
1248 3026 1346 3075 tot
1367 3000 1591 3075 seculis
1609 3003 1843 3075 dolus?
1879 3008 2094 3074 Tanta
2111 2998 2221 3099 spe
2244 3003 2515 3101 implea-

473 3122 903 3204 tur,quantam
927 3103 1268 3199 concipere
1284 3101 1416 3175 fine
1430 3105 1579 3175 laeto
1601 3101 1864 3174 horrore
1885 3126 2019 3172 non
2038 3101 2228 3199 poffit
2244 3128 2264 3171 ε
2283 3106 2516 3173 trium·

475 3202 818 3301 phaturum
854 3200 923 3272 in
954 3203 1155 3273 oculis
1194 3201 1446 3301 patriae,
1503 3210 1567 3274 δι
1603 3196 1777 3273 felici
1809 3199 2131 3273 sene&ute
2170 3204 2337 3296 Mille
2352 3209 2514 3274 annia

475 3303 960 3399 imperaturum.
1015 3306 1120 3374 Ac
1158 3322 1227 3373 ut
1254 3297 1567 3399 inescatus
1601 3302 1847 3393 praemii
1861 3297 2043 3399 gustu
2062 3348 2084 3382 ‚
2121 3302 2513 3402 reliquorum

474 3419 770 3473 teneatur
782 3396 1131 3498 imagine‚s
1119 3424 1261 3473 uam
1277 3420 1543 3501 gentem
1567 3400 1868 3472 Doriacae
1887 3394 2142 3474 familie
2163 3427 2286 3498 prae
2293 3420 2516 3501 ponet,

344 3530 354 3548 ⁴
530 3523 621 3570 uae
638 3499 735 3571 illi
755 3498 823 3575 in
859 3501 1059 3595 patria
1072 3519 1206 3574 tam
1227 3497 1472 3571 vetusta
1491 3499 1893 3572 aemulatione
1912 3501 2345 3598 componitur.
2400 3506 2518 3596 Ip-

475 3524 614 3668 s'um
646 3597 950 3670 Doriac'ae
991 3599 1348 3697 principem
1372 3598 1585 3696 gentis
1606 3598 1745 3667 aliis
1765 3597 1999 3670 deinde
2019 3596 2336 3697 promiffis
2353 3621 2517 3670 one·

475 3715 683 3772 tatum
701 3740 728 3781 2
764 3696 959 3772 veluti
976 3698 1452 3775 interveniente
1471 3691 1710 3770 versura
1730 3744 1755 3782 ,
1794 3698 2207 3796 placabimus.
2471 3719 2478 3726 ·

2350 3796 2503 3870 Rex
