2738 4475
498 194 650 291 466
1015 192 1533 272 Buranun}
1585 196 2100 276 Sat-vater

512 313 728 399 lautis,
747 308 857 386 sed
878 314 981 386 vel
999 319 1373 390 remorantis
1387 314 1785 417 obsequium.
1840 322 2120 405 Tutius,
2138 319 2372 422 inquit,
2401 322 2587 395 con-

517 413 748 490 fultum
769 412 889 484 tibi
909 416 1083 487 volo,
1099 415 1457 492 Accedenti
1479 422 1712 491 aemulo
1727 420 1931 491 etiam
1950 446 2102 493 cum
2124 421 2302 492 donis
2327 421 2580 494 occur-

518 541 609 589 re:
633 540 715 587 ne
737 535 840 585 tua
853 513 1221 616 benignitas
1241 515 1315 588 lit
1336 514 1638 618 snspeRa,
1659 518 1819 615 apud
1838 545 1994 591 eum
2020 521 2407 619 querendum
2431 523 2573 610 est,

449 637 454 642 ’
523 637 772 687 tuarum
791 639 1000 688 rerum
1019 612 1161 715 spes
1180 615 1298 689 hac
1314 617 1517 691 intem
1608 617 1762 690 stiva
1775 614 2171 693 succeffione
2208 645 2569 721 propemo-

520 713 671 786 dum
706 710 829 786 else
862 713 1113 787 accisas.
1170 721 1434 790 Tamen
1450 719 1518 790 ni
1569 720 1584 735 '
1632 716 1752 789 tibi
1769 721 2090 818 antiquius
2108 747 2297 819 quam
2315 745 2563 818 parere.

518 815 823 912 Accipiat
855 812 998 886 sane
1033 817 1433 913 provinciam
1466 819 1570 889 cui
1610 815 1944 889 destinatus
1980 819 2115 906 est3
2174 824 2245 892 in
2265 821 2560 892 amicitiae

518 938 778 1013 quoque
798 914 1026 1082 pignus
1044 914 1154 986 illa
1173 940 1436 988 munera
1449 963 1472 998 ,
1512 942 1659 1016 quae
1696 914 1985 1016 hospitali
2005 921 2331 990 comitate
2350 938 2567 1016 protu-

522 1014 712 1084 leris:
769 1015 845 1084 iis
895 1015 1014 1085 atis
1033 1014 1305 1115 gratiam
1328 1014 1691 1088 habiturum
1711 1063 1734 1097 ,
1776 1017 1821 1088 fi
1854 1021 1918 1089 in
1956 1019 2236 1115 Regiam
2259 1017 2575 1089 redeunti

515 1114 737 1186 literas
760 1113 1010 1185 dederit
1026 1170 1046 1197 ,
1095 1112 1321 1213 quibus
1344 1115 1663 1214 significet
1678 1175 1702 1203 ,
1732 1117 1892 1188 nihil
1912 1139 1974 1188 te
1993 1119 2362 1189 cunetarum
2379 1160 2404 1197 ‚
2430 1117 2570 1188 im·

525 1214 773 1311 perium
793 1258 817 1294 ‚
841 1211 1052 1286 statim
1076 1237 1142 1283 ut
1163 1213 1346 1306 jussus
1363 1240 1432 1286 es
1449 1261 1473 1295 ‚
1515 1217 1733 1288 urbem
1750 1265 1772 1297 ,
1818 1218 1948 1309 jura
1963 1274 1985 1301 ,
2012 1217 2407 1312 provinciam
2428 1236 2571 1285 tra·

527 1309 775 1385 didiffe.
825 1317 899 1385 ln
913 1312 1042 1385 tuis
1062 1334 1274 1385 autem
1296 1314 1488 1386 donis
1509 1316 1923 1414 strophiolum
1940 1318 2059 1387 erit
2080 1372 2099 1400 ‚
2121 1315 2357 1412 inquit,
2378 1313 2569 1412 quod

527 1409 737 1485 babeo
752 1467 774 1497 ,
817 1413 998 1486 multi
1033 1412 1249 1509 operis
1267 1468 1287 1495 ,
1349 1410 1459 1487 sed
1502 1416 1951 1490 nocentiffima
1978 1414 2122 1487 tabe
2151 1415 2565 1511 pertinetum.

523 1516 681 1587 Hoc
705 1510 746 1583 fi
761 1511 941 1611 'quasi
964 1509 1221 1584 artificii
1240 1513 1648 1588 venustatem
1672 1513 2122 1589 monstratums
2141 1514 2216 1585 ad
2233 1514 2395 1585 illius
2411 1514 2557 1585 vul-

521 1633 624 1683 tus
642 1614 949 1710 explicas,
973 1612 1054 1684 fic
1070 1633 1142 1684 ut
1162 1614 1262 1687 vel
1285 1615 1570 1687 minimo
1586 1616 1793 1688 halitu
1813 1613 2246 1714 perfundatur,
2261 1610 2570 1708 spondeo,

525 1737 852 1810 nunquam
876 1713 942 1783 in
965 1712 1271 1812 Alepenfi
1293 1712 1447 1785 urbe
1464 1716 1797 1816 regnabit.
1827 1717 2052 1789 Utitur
2072 1711 2573 1815 sagaciffimiviri

531 1812 801 1884 confilio
839 1811 1075 1886 Praeses
1097 1862 1122 1896 ,
1159 1813 1481 1912 longaque
1505 1815 1947 1913 &multiplici
1968 1838 2209 1912 pompa
2229 1835 2573 1909 exceptum

534 1909 949 1985 success'orem
969 1913 1037 1985 in
1059 1912 1224 1986 aedes
1250 1912 1532 1985 deducit.
1593 1915 1697 1986 lbi
1714 1913 2201 1986 interinfidiosae
2217 1911 2575 1982 liberalita-

525 2012 611 2082 tis
629 2009 1068 2085 blandimenta
1086 2014 1330 2086 evolvit
1352 2007 1543 2086 fatale
1571 2010 1989 2112 strophiolum
2006 2057 2029 2090 ‚
2067 2036 2222 2081 auro
2252 2015 2322 2080 δι
2361 2008 2573 2082 serico

527 2109 927 2185 distinctum.
998 2115 1218 2183 Laetus
1239 2108 1469 2211 hospes
1489 2112 1602 2185 sua:
1626 2112 1849 2185 mortis
1867 2109 2372 2182 instrumentum
2391 2106 2574 2209 aspe-

526 2211 645 2280 xit.
700 2210 865 2282 Inde
890 2209 1218 2283 divertunt
1242 2212 1324 2286 ad
1340 2236 1616 2286 coenam.
1686 2208 1813 2286 Sed
1853 2208 1963 2283 hic
1995 2205 2325 2284 fraudibus
2344 2234 2562 2312 agens,

525 2305 852 2382 simulabat
867 2360 893 2399 ,
930 2310 1146 2409 primo
1181 2307 1247 2383 se
1281 2332 1471 2387 mane
1497 2313 1616 2385 iter
1647 2313 2021 2384 Bizantium
2059 2308 2279 2383 versus
2317 2311 2561 2410 ingredi

525 2410 718 2484 velle.
741 2407 1071 2511 Expreffit
1087 2413 1303 2511 itaque
1321 2412 1548 2487 eadem
1569 2414 1679 2485 illa
1694 2413 1889 2485 noete
1904 2413 2127 2484 literas
2153 2407 2401 2483 suorum
2415 2408 2558 2482 offi-

525 2509 777 2585 ciorum
810 2512 1041 2587 testes:
1098 2517 1344 2612 Neque
1376 2514 1557 2586 enim
1596 2534 1729 2587 tarn
1756 2510 2088 2584 benevolo
2124 2508 2419 2583 decenbri
2434 2509 2550 2579 iste

526 2609 719 2685 miser
737 2609 1167 2711 perfunfiorie
1187 2612 1563 2714 indulgebat
1587 2642 1607 2690 ε
1658 2615 1762 2688 Sic
1799 2613 2031 2685 exafflt
2061 2613 2274 2683 noetis
2289 2631 2466 2708 parte
2480 2606 2560 2681 ad

524 2711 811 2804 quietem
829 2709 1124 2784 secessum
1146 2709 1269 2784 est.
1325 2714 1554 2786 Primo
1573 2736 1763 2786 mane
1778 2736 1987 2785 novus
2006 2709 2239 2785 Praeses
2256 2706 2564 2807 inspirato

525 2829 642 2902 per
676 2808 1014 2907 strophioli
1050 2836 1265 2883 auram
1304 2837 1560 2886 veneno
1587 2816 1794 2913 impar
1809 2808 1947 2884 fuit.
1996 2807 2340 2907 Jacebatin
2357 2806 2559 2879 strato

525 2907 837 2979 exanimis
853 2955 877 2989 ‚
897 2933 1016 2980 nec
1033 2929 1167 2981 tam
1185 2913 1513 3008 repentini
1534 2911 1709 2985 casus
1725 2912 1860 2983 aliis
1876 2908 2038 2981 caufi
2054 2904 2328 3004 patebat,
2347 2929 2548 3001 quam

525 3007 656 3080 illis
676 3011 787 3109 qui
803 3012 1125 3081 incautum
1146 3034 1573 3108 peremerant.
1641 3013 1903 3085 PeraEto
1918 3004 2192 3078 facinore
2209 3000 2554 3075 veneficus

524 3108 764 3183 Praeses
787 3109 1429 3208 Constantinopolim
1449 3115 1667 3185 literas
1688 3110 1949 3185 destinat
1968 3163 1988 3192 ‚
2009 3123 2144 3178 tam
2158 3104 2303 3176 illas
2318 3104 2562 3203 quibus

528 3205 835 3285 success'or
866 3210 1179 3311 fignificat
1210 3232 1279 3283 ut
1313 3214 1569 3308 optime
1601 3211 1761 3284 ess'et
1790 3231 2133 3307 exceptus3
2185 3229 2388 3304 quam
2406 3206 2557 3275 alias

526 3305 890 3384 succefforis
908 3315 1235 3385 interitum
1260 3313 1663 3383 nunciatur-as
1683 3358 1708 3394 ‚
1750 3307 2129 3407 orantesque
2150 3325 2308 3376 tune
2340 3300 2561 3376 saltem

525 3404 868 3503 imperium
889 3411 1000 3485 fibi
1019 3421 1087 3486 &
1111 3412 1508 3510 provinciam
1533 3412 1891 3510 prorogari.
1962 3412 2112 3482 Nec
2149 3404 2220 3477 id
2253 3406 2563 3504 aegreim·

530 3511 849 3599 pertavit,
881 3532 1065 3584 tanto
1100 3511 1319 3584 sceleri
1335 3507 1713 3583 felicitatem
1731 3511 2117 3609 indulgente
2135 3502 2408 3577 fortuna.
2470 3506 2562 3577 Et

529 3600 658 3678 hoc
676 3604 843 3682 saevo
863 3615 931 3682 δι
954 3613 1023 3682 in
1043 3611 1357 3710 flagitium
1380 3608 1652 3681 mirabili
1669 3606 1826 3693 astu,
1852 3634 1988 3680 non
2010 3606 2154 3704 plus
2174 3602 2444 3676 studium
2463 3627 2577 3673 ve··
2654 3638 2655 3657 κ

529 3726 883 3793 saeuorum,
937 3708 1278 3807 miserabili
1333 3705 1681 3782 subtilitate
1736 3710 2061 3781 excultum
2082 3754 2108 3793 ,
2180 3699 2555 3802 suspexeris,

2117 3830 2121 3834 >
2378 3826 2563 3903 quam
