2738 4475
446 147 585 222 7².
920 136 1992 251 Eupnonu.sarvnrcr

442 230 640 323 ditur.
657 253 800 331 Cur
811 281 940 331 non
959 269 1136 341 tollit
1156 266 1579 371 suspicionem
1599 286 1628 352 ?
1652 308 1764 360 cur
1780 314 1912 362 non
1928 294 2247 398 extinguit
2263 295 2505 403 inccn-'A

440 342 621 421 dium
640 401 666 438 ι
703 357 1054 455 quodillius
1073 361 1312 465 famam
1325 377 1651 470 invidiofis
1669 389 2039 465 criminibus
2057 399 2179 490 urit
2197 394 2227 466 P
2266 399 2488 471 Deni-'

496 472 578 520 ue
608 474 718 523 cur
752 477 885 526 non
905 463 1186 553 mulcet,
1225 497 1331 546 aut
1348 480 1680 555 curhomo
1699 489 1901 563 videri
1918 494 2108 568 timet
2127 554 2150 584 ,
2194 502 2260 569 δι
2286 500 2479 571 inter-

443 471 596 620 gum
628 548 848 624 errasse
881 553 911 627 ?
970 558 1292 647 Crederes
1325 602 1479 663 cum
1507 581 1677 655 illius
1704 590 1865 677 affls
1900 592 2184 679 caelitum
2223 596 2481 670 decreta

437 646 751 729 convelli,
807 678 1018 757 neque
1056 663 1120 738 se
1158 668 1498 774 quicquam
1541 681 1577 754 ὲ
1615 687 1923 761 Numinis
1943 692 2118 766 causa
2134 694 2256 786 essge
2274 692 2478 789 sejun-

436 744 637 815 ἂῠῐπ·
689 750 1061 836 Mirandum
1121 795 1274 844 orto
1292 776 1385 849 est
1407 777 1702 859 infestam
1723 790 1979 891 Acignii
1998 849 2020 877 ,
2062 796 2318 889 (injuria
2335 805 2475 869 cr'e-

429 838 542 934 do)
584 839 693 916 sed
727 848 1027 935 infestam
1077 873 1352 966 uperbiae
1377 880 1650 958 crimine
1665 883 1934 970 famam,
1968 895 2077 990 qui
2093 892 2475 993 discipulum

425 965 608 1036 paene
624 969 951 1053 nunquam
971 962 1208 1041 dimifit
1221 997 1353 1045 non
1372 973 1920 1076 superbissimum,
1947 1012 2049 1063 aut
2066 996 2176 1091 qui
2189 996 2471 1093 aliquem

422 1037 583 1111 ultra
624 1041 688 1116 se
705 1096 728 1130 ‚
769 1059 1612 1168 magistrumquelaudaret?
1646 1087 2033 1188 Quanquam
2054 1101 2115 1167 &
2140 1094 2306 1164 illius
2326 1095 2478 1194 glo-

421 1137 583 1213 tiam
625 1147 1003 1255 plerumque
1037 1188 1452 1269 corrumpunt
1471 1226 1501 1263 ,
1533 1183 1639 1279 qui
1682 1189 1908 1259 omnia
1925 1190 2061 1283 ejus
2077 1192 2249 1264 dicia
2266 1189 2470 1267 fasta-

420 1262 547 1336 que
564 1241 631 1313 in
653 1248 1023 1332 miraculum
1048 1265 1340 1344 trahunt:
1380 1282 1687 1375 quoniam
1706 1282 1825 1357 hac
1849 1307 2036 1362 aetate
2053 1289 2136 1363 fic
2155 1293 2460 1385 vivimus,

417 1359 486 1407 ut
520 1367 714 1441 quem
749 1346 1013 1432 factiose
1044 1366 1440 1461 laudaveris,
1475 1375 1621 1453 huic
1659 1380 1765 1457 seu
1794 1387 2075 1478 invidia,
2114 1389 2221 1463 seu
2237 1415 2465 1467 contra

411 1428 733 1519 sentiendi
767 1456 1123 1537 ambitione
1160 1467 1237 1541 fis
1276 1472 1581 1575 iniquior.
1635 1489 1743 1557 Ac
1761 1511 1844 1560 ne
1864 1487 1940 1559 fit
1955 1486 2193 1590 aliquid
2214 1494 2282 1565 in
2302 1496 2468 1568 Aci·

407 1538 570 1633 gnio
607 1568 741 1620 non
783 1552 1102 1652 insolens,
1142 1593 1333 1666 quam
1368 1577 1561 1650 amici
1583 1576 1824 1659 famam
1843 1609 2178 1674 evertunt,
2217 1593 2470 1694 impru-

406 1635 568 1709 dens
605 1641 1020 1733 inimicorum
1054 1659 1226 1741 furor
1257 1673 1413 1756 alit,
1462 1678 1612 1751 dum
1637 1687 2067 1761 calumniandi
2089 1689 2350 1768 licentia
2367 1698 2473 1788 ju-

405 1732 634 1813 stiores
653 1756 940 1843 querelas
958 1786 1260 1842 enervant
1275 1822 1299 1860 ,
1324 1780 1394 1846 &
1409 1776 1645 1876 ineptis
1666 1788 2225 1865 criminationibus
2249 1797 2467 1866 verio-

398 1858 467 1906 ra
490 1838 725 1918 indicia
743 1853 1087 1936 destruunt.
2258 1962 2266 1967 .

499 1939 686 2013 Dum
722 1947 859 2022 haec
881 1964 1367 2059 proloqueretur
1383 2014 1406 2049 ,
1448 1974 1467 2006 ¹
1486 1989 1735 2045 tantum
1754 1975 2071 2051 filentium
2094 2003 2305 2057 totam
2323 1983 2450 2059 do-

392 2057 568 2105 mum
588 2064 1007 2141 occupaverat
1025 2100 1046 2135 ‚
1084 2082 1150 2130 ut
1167 2062 1392 2136 altiore
1414 2069 1698 2169 Sigalion
1719 2080 1933 2176 excipi
1949 2104 2273 2182 nunquam
2291 2084 2451 2183 pos-

387 2127 481 2202 fit.
535 2138 760 2239 Itaque
795 2147 871 2215 ad
909 2149 1160 2227 sce'nam
1181 2164 1406 2234 oculos
1424 2174 1903 2262 convertimus,
1945 2203 2137 2277 quam
2153 2181 2433 2261 decorus

381 2225 747 2310 adolescens
769 2252 1264 2342 perambulabat,
1283 2266 1394 2362 qui
1415 2263 1661 2343 fabellae
1677 2299 2123 2373 argumentum
2141 2286 2432 2381 pandere

378 2330 629 2426 «epit,
669 2340 846 2416 versu
881 2375 1011 2422 non
1031 2359 1299 2433 multum
1323 2365 1629 2439 delicato.
1684 2377 1736 2445 F
1741 2375 2074 2475 ingebatur
2091 2406 2304 2456 autem
2323 2387 2424 2478 ju-

376 2431 597 2516 venis,
638 2432 890 2518 fortuna
926 2455 989 2520 &
1027 2454 1298 2554 ingenio
1328 2464 1631 2562 illustris,
1670 2478 1948 2569 paternis
1980 2479 2172 2553 bonis
2205 2480 2423 2557 solita-

374 2525 539 2600 rium
574 2534 804 2614 deserti
840 2553 1169 2644 praetulisse
1204 2557 1561 2649 silentium,
1601 2595 1721 2642 nec
1761 2570 2177 2654 sanctiffimas
2194 2586 2420 2656 marris

365 2624 727 2729 lachrymas
748 2687 771 2722 ,
808 2670 928 2718 nec
961 2653 1279 2755 Principis
1300 2665 1749 2751 auctoritatem
1768 2675 2047 2775 religiofi
2066 2681 2424 2782 coeptifre-

363 2725 521 2825 gisse
554 2737 997 2822 constantiam.
1057 2757 1253 2830 Nihil
1288 2762 1410 2844 illo
1447 2769 1800 2857 venustius,
1836 2774 1881 2847 fi
1902 2771 2106 2849 fabula
2125 2777 2407 2854 Roscios

357 2827 738 2914 inveniffctz
780 2840 885 2916 sed
919 2873 1150 2924 omnes
1190 2858 1268 2928 ad
1320 2863 1557 2959 pedum
1595 2894 1925 2946 numerum
1950 2873 2245 2952 humeros
2261 2900 2403 2962 tor-

358 2929 640 3025 quebant
656 2985 678 3021 ,
717 2946 944 3018 omnes
980 2947 1228 3026 finitiis
1245 2962 1508 3034 vocibus
1531 2969 2024 3068 corrumpebant
2045 2980 2397 3097 naturalem

352 3051 627 3139 gratiam
646 3087 670 3124 ,
706 3045 942 3159 &trita
959 3045 1124 3151 saepe
1146 3053 1335 3131 barba
1351 3060 1759 3142 insolentiam
1778 3069 2165 3149 testabantur
2183 3075 2399 3183 asciti-3

2301 3287 2389 3359 In

417 3379 444 3420 r
483 3377 890 3446 rouennfilentinn·
910 3401 1047 3441 rotun
1067 3393 1235 3447 dm
1260 3413 1329 3445 ot-
1387 3399 1620 3460 filentium
1632 3408 1856 3477 imperare
1870 3411 2119 3470 videbatur
2139 3451 2157 3479 s
2180 3425 2307 3480 unde
2321 3428 2374 3482 ez

341 3450 572 3504 cuperem
584 3478 600 3503 ,
624 3463 676 3499 nr
687 3456 837 3504 altiore
851 3459 1035 3528 Sigalion
1046 3468 1188 3533 excipi
1210 3484 1320 3514 nnn·

334 3523 460 3571 W
480 3513 652 3583 Wssf‘]
703 3525 932 3590 MQuum
963 3533 1168 3581 omnino
1193 3531 1324 3584 filen-
1385 3486 1563 3525 nomen
1594 3491 1767 3546 αφ’(
1780 3487 1867 3533 m
1883 3484 1925 3536 κ
1939 3503 2083 3554 ‘²79⁸'
2095 3494 2222 3555 q⁰0d
2238 3494 2302 3547 est
2317 3496 2381 3549 fi·

1382 3539 1487 3589 lere.
1531 3544 1633 3592 Vid.
1654 3551 1860 3602 omnino
1887 3571 1989 3623 qua
2017 3563 2211 3613 novavit
2229 3567 2372 3617 Scali-

334 3575 488 3629 tium:
514 3596 627 3635 nam
655 3589 861 3657 sigalion
884 3592 1204 3652 fimulacbrum
1220 3614 1319 3652 erat

331 3646 450 3712 apud
480 3652 725 3719 joprios
758 3660 807 3709 in
844 3657 980 3714 sacris
1015 3666 1144 3720 nidis
1174 3684 1313 3736 atque
1372 3608 2038 3738 ffffmumffloetm
2048 3630 2368 3705 Almd'mm

326 3715 556 3789 serapidis
586 3722 714 3792 quod
744 3725 897 3800 digito
919 3731 1060 3789 labiis
1088 3736 1305 3810 imprtffo
2206 3843 2231 3883 ι
2267 3833 2331 3886 m
