2738 4475
920 240 980 316 P
1076 265 1128 317 Α
1223 266 1278 318 rt
1380 269 1420 321 a
1531 251 1572 319 1-
1586 245 1677 316 V·
1978 251 1988 260 ’
2148 262 2296 337 405

242 362 406 438 rudo
419 361 709 439 virilium
726 363 1029 440 virtutum
1049 363 1340 440 absolvit.
1391 375 1630 467 Ignota
1646 365 1738 438 ibi
1755 359 2023 463 perfidia
2045 408 2066 444 ,
2089 368 2282 440 etiam

248 463 317 535 in
351 468 565 538 venali
596 461 974 540 fortitudine
1009 467 1322 565 stipendia
1355 470 1759 541 merentium.
1818 469 1936 538 Ne
1950 465 2283 564 ingenium

248 563 514 662 quidem
530 561 759 639 fraudis
777 590 880 641 aut
897 568 1045 640 odia
1063 567 1494 640 subamicitiae
1515 568 1714 640 titulis
1728 569 1957 638 latent:
1985 573 2050 638 &
2072 562 2294 634 omni-

248 687 345 736 no
378 665 667 761 ingentia
697 663 929 739 scelera
965 669 1308 741 verecundi
1344 670 1567 765 populi
1604 666 1973 764 {implicitas
2005 667 2298 764 ignorat..

250 769 453 834 Parca
473 771 540 834 δι
565 764 633 835 in
646 761 958 860 furtorum
979 765 1225 840 suorum
1246 769 1527 839 tenebris
1547 767 1743 839 mersa
1758 763 1995 837 libido:
2054 780 2288 845 non‚ut

251 861 414 931 alibi
442 878 740 937 terrarum
761 915 785 952 ,
840 869 1048 966 palam
1080 870 1250 940 inter
1274 869 1504 948 ,titulos
1536 868 1924 968 atqueludos
1941 864 2290 934 exultantis

252 959 618 1051 juventutis.
673 970 854 1039 Nam
894 975 960 1040 ἃ
1005 992 1204 1066 prope
1222 966 1301 1039 ad
1321 967 1645 1042 muliebris
1665 964 1980 1063 pudicitiae
1998 963 2292 1036 similitu-

256 1058 473 1131 dinem
510 1064 624 1148 viri
661 1089 921 1164 quoque
953 1066 1114 1139 hanc
1154 1065 1400 1165 pestem
1437 1070 1865 1163 aspernantur.
1938 1063 2287 1137 Prudentia

248 1177 547 1231 autemut
562 1166 847 1236 nonillic
864 1163 1111 1237 subtilia
1126 1168 1386 1268 ingenia
1403 1165 1627 1263 paffim
1650 1165 1839 1235 babet
1857 1208 1879 1244 ‚
1902 1187 2166 1260 quorum
2182 1187 2286 1232 ar-

246 1255 460 1329 tificio
485 1260 836 1337 deducatur
866 1264 933 1336 in
968 1262 1530 1353 confiniumdoli:
1584 1265 1674 1336 ita
1702 1264 1864 1334 veris
1896 1260 2286 1360 maturisque

244 1357 505 1450 judiciis
521 1361 754 1436 insidet
773 1416 797 1452 ,
851 1389 993 1465 quae
1024 1374 1091 1437 δι
1114 1362 1303 1438 facile
1325 1385 1587 1436 caveant
1611 1361 1726 1434 suis
1749 1362 1930 1436 rebus
1951 1368 2015 1434 &
2037 1363 2281 1433 alienos
2356 1410 2376 1425 .

244 1480 495 1529 errores
526 1458 651 1532 des
687 1465 904 1534 iciant.

346 1558 596 1654 Neque
656 1556 834 1630 esunt
854 1556 1170 1632 altissimae
1192 1580 1439 1644 mentes
1457 1608 1478 1642 ‚
1515 1562 1583 1632 in
1600 1562 1825 1662 quibus
1848 1562 2116 1659 patriam
2137 1586 2286 1659 gra·

246 1653 526 1724 vitatem
545 1655 828 1730 vividi&
847 1658 1110 1730 excitati
1130 1662 1435 1732 acuminis
1458 1658 1727 1732 felicitas
1747 1682 2063 1756 temperat
2084 1689 2109 1750 3
2133 1666 2287 1754 Pre-

251 1751 444 1847 cipue
474 1751 520 1824 fi
559 1754 834 1829 validum
869 1757 1204 1857 ingenium
1240 1758 1346 1830 diu
1367 1761 1711 1860 peregrinis
1730 1758 1961 1830 artibus
1977 1756 2293 1828 moribus-

245 1874 379 1950 que
399 1848 789 1930 miscuerint.
857 1858 1049 1930 Gens
1069 1859 1255 1929 armis
1274 1863 1534 1959 egregia
1550 1909 1582 1944 ‚
1610 1865 1678 1931 δι
1714 1881 1843 1957 qne
1882 1882 2103 1954 pacem
2122 1854 2290 1926 ferre

238 1946 459 2048 poffit.
536 1955 758 2026 Tarde
796 1963 866 2028 δε
885 1954 1334 2028 ειιηᾶειηείὺυε
1356 1958 1633 2031 confiliis
1657 1956 1734 2030 ad
1752 1959 2054 2028 tumultus
2070 1955 2296 2026 conci-

239 2068 453 2121 tantur
469 2078 493 2122 .·
545 2050 653 2123 sed
680 2055 929 2126 excitos
949 2055 1149 2155 longa
1169 2056 1516 2154 tempestas
1537 2105 1558 2139 ‚
1601 2066 1662 2130 &
1687 2054 2052 2128 hominibus
2072 2053 2290 2152 digna,

241 2170 519 2222 exercet.
541 2154 814 2250 Populus
835 2155 961 2253 eris
985 2150 1258 2256 ferrique
1278 2156 1587 2227 trastandi
1606 2156 1856 2254 peritia,
1880 2163 1947 2226 δε
1970 2178 2084 2252 per
2103 2153 2284 2223 mille

241 2245 507 2320 artificia
541 2250 859 2340 ducendi,
896 2251 1160 2355 insignis
1192 2253 1312 2327 est.
1385 2261 1454 2330 T
1457 2256 1848 2355 ypographie
1902 2257 2230 2328 inventum
2256 2302 2281 2338 ,

240 2349 640 2449 pulverisque
671 2353 928 2435 nitrati'‚
966 2354 1100 2425 illis
1129 2355 1408 2453 ingeniis
1447 2353 1649 2428 Orbis
1687 2355 1877 2427 debet
1895 2400 1918 2434 ‚
1971 2352 2284 2451 ambiguo

239 2442 492 2543 prorsus
509 2448 831 2522 beneficio
849 2502 881 2538 ,A
909 2460 976 2525 δι
999 2479 1128 2551 quo
1148 2474 1279 2525 tam
1301 2454 1614 2549 pernicies
1635 2455 1998 2525 mortalium
2021 2498 2043 2529 ‚
2085 2475 2286 2548 quam

242 2547 487 2616 utilitas
509 2595 534 2631 ‚
568 2544 696 2619 sese
729 2546 1018 2621 humanis
1054 2553 1234 2623 rebus
1268 2554 1529 2624 ulterius
1568 2550 1922 2622 insinuavit.
1998 2545 2284 2619 Candidi

243 2642 448 2713 animi
463 2646 769 2727 ,virtutes
788 2647 1409 2750 aliorum,fa&aque‚
1439 2674 1542 2721 aut
1564 2651 1846 2727 inventa,
1869 2647 2146 2717 maxime
2165 2644 2282 2712 ab·

245 2737 529 2813 sentium
548 2797 581 2827 ,
597 2769 730 2815 non
748 2748 1031 2846 maligno
1048 2757 1112 2821 δι
1137 2753 1366 2822 timido
1383 2753 1586 2822 livore
1606 2748 1927 2831 delibant,
1952 2743 2056 2818 sed
2082 2743 2278 2816 fince-

238 2840 330 2912 ris
351 2840 639 2913 laudibus
659 2868 731 2914 ac
750 2848 1214 2944 propemodum
1231 2850 1596 2922 immodicis
1615 2850 1959 2920 attollunt..

306 2947 326 2977 ¹
353 2940 482 3015 Sed
500 2941 660 3013 nihil
680 2944 746 3015 in
766 2969 840 3015 ea
859 2966 1057 3044 gente
1079 2946 1818 3048 magnificentius,.quam
1838 2944 2009 3047 quod
2033 2967 2279 3017 nornen

224 3035 471 3129 ‚summi
512 3044 782 3142 Imperii
802 3046 1234 3149 Aquilamque
1256 3048 1616 3122 {ibihabett
1667 3069 1965 3146 tanquam
1989 3048 2281 3116 Romam

2097 3144 2278 3213 (Ber-

311 3259 337 3295 1
372 3246 458 3296 sed
478 3248 846 3321 &inungente
856 3252 1219 3322 magnamve-eina,
1296 3255 1577 3305 Hemlorum
1590 3248 1821 3316 depofitua
1833 3246 1897 3299 est
1914 3280 1935 3307 ,
1947 3243 2087 3313 usque
2100 3246 2155 3295 ad
2176 3254 2278 3296 An·

233 3330 366 3381 qum
392 3314 505 3381 qud
529 3337 674 3367 nane»
687 3321 843 3383 sunam·
871 3325 1049 3388 Imperii
1060 3327 1219 3387 Aqui·
1296 3338 1413 3372 num
1440 3323 1556 3372 80c.
1593 3314 1784 3371 vacaffet
1813 3317 2062 3383 imperium
2097 3320 2279 3365 Roma-

232 3384 674 3449 &umquem-1
701 3387 821 3456 Qu
838 3392 1092 3440 Germania
1104 3391 1216 3440 ulti·
1291 3405 1427 3446 num,
1442 3388 1636 3438 tandem
1651 3385 1852 3439 carolus
1868 3390 2070 3451 Magnus
2087 3418 2102 3441 ,
2124 3385 2279 3451 Pipini

229 3465 313 3504 ma
328 3454 551 3503 omnium
568 3459 770 3508 Romam
782 3457 1105 3512 adoravitdwc
1120 3460 1221 3519 jam
1293 3458 1433 3508 Filius
1447 3489 1465 3513 ‚
1505 3462 1604 3506 Rex
1635 3459 1915 3504 Francorum
1934 3485 1949 3508 ,
1986 3453 2034 3501 &
2052 3455 2276 3503 dominus

230 3516 496 3586 infignibus
530 3523 715 3587 Imperii
733 3557 750 3580 ‚
781 3540 837 3575 ac
854 3524 1104 3575 domicilio
1121 3530 1220 3575 lm-
1291 3525 1439 3574 totins
1456 3521 1797 3589 propemodum
1815 3522 2092 3579 Germania,
2111 3523 2284 3581 Italiae,

231 3588 469 3655 peratoris
489 3589 672 3653 illustris
686 3588 764 3641 est.
817 3592 1068 3661 Postquam
1094 3593 1223 3641 euim
1292 3605 1434 3657 atque
1448 3586 1796 3658 Hispania-solo
1806 3586 1936 3637 ferro
1949 3587 2140 3642 effestus
2156 3623 2176 3650 ‚
2198 3606 2279 3640 co-

230 3656 294 3706 ²b
314 3661 469 3706 Auno
484 3659 601 3713 ⁴76·
747 3662 980 3711 Romulus
996 3658 1225 3727 Augustus
1296 3675 1490 3711 renatus
1520 3658 1584 3709 est
1616 3664 1888 3724 Imperator·
1913 3662 2232 3708 Romanorum
2248 3654 2277 3706 ὃ

227 3720 309 3775 scu
336 3722 617 3791 Augustulus
629 3673 767 3777 atio
781 3730 964 3794 imperii
983 3724 1052 3777 sui
1068 3726 1224 3778 mense
1300 3733 1457 3777 Leone
1487 3732 1584 3779 111.
1618 3733 1734 3793 Papa
1770 3725 1846 3773 dic
1874 3726 2042 3776 natalis
2077 3726 2278 3801 Domini

228 3792 451 3845 nondum
480 3797 730 3864 completo
760 3795 824 3849 ab
853 3795 1074 3848 odoacro
1104 3800 1241 3863 Rege
1298 3796 1409 3847 anni
1427 3797 1542 3850 800.
1558 3792 1824 3912 sederntpz²
1819 3793 2166 3859 imperatoriam
2185 3810 2297 3906 Plptt

1841 3876 1866 3909 c
1901 3875 1924 3926 3
2220 3873 2267 3908 tu
