<?xml version="1.0" encoding="UTF-8"?>
<!DOCTYPE html PUBLIC "-//W3C//DTD XHTML 1.0 Transitional//EN"
    "http://www.w3.org/TR/xhtml1/DTD/xhtml1-transitional.dtd">
<html xmlns="http://www.w3.org/1999/xhtml" xml:lang="en" lang="en">
 <head>
  <title>
</title>
<meta http-equiv="Content-Type" content="text/html;charset=utf-8" />
  <meta name='ocr-system' content='tesseract 3.04.00' />
  <meta name='ocr-capabilities' content='ocr_page ocr_carea ocr_par ocr_line ocrx_word'/>
</head>
<body>
  <div class='ocr_page' id='page_1' title='image "./euphormionislus00barcgoog_0215.png"; bbox 0 0 2738 4475; ppageno 0'>
   <div class='ocr_carea' id='block_1_1' title="bbox 197 228 2269 1153">
    <p class='ocr_par' dir='ltr' id='par_1_1' title="bbox 197 228 2269 1153">
     <span class='ocr_line' id='line_1_1' title="bbox 333 228 2225 349; baseline 0.001 -33"><span class='ocrx_word' id='word_1_1' title='bbox 333 308 342 316; x_wconf 84' lang='lat'><strong>.</strong></span> <span class='ocrx_word' id='word_1_2' title='bbox 700 278 707 289; x_wconf 57' lang='grc'><em>’</em></span> <span class='ocrx_word' id='word_1_3' title='bbox 815 228 874 310; x_wconf 81' lang='grc' dir='ltr'>Ρ</span> <span class='ocrx_word' id='word_1_4' title='bbox 966 260 1015 310; x_wconf 76' lang='grc' dir='ltr'><strong>Δ</strong></span> <span class='ocrx_word' id='word_1_5' title='bbox 1115 259 1170 310; x_wconf 70' lang='lat' dir='ltr'>R</span> <span class='ocrx_word' id='word_1_6' title='bbox 1267 244 1312 310; x_wconf 66' lang='grc'>3·</span> <span class='ocrx_word' id='word_1_7' title='bbox 1420 243 1532 313; x_wconf 89' lang='lat'>11.</span> <span class='ocrx_word' id='word_1_8' title='bbox 2094 271 2225 349; x_wconf 83' lang='lat'>¹73</span> 
     </span>
     <span class='ocr_line' id='line_1_2' title="bbox 216 349 2251 459; baseline -0.001 -25"><span class='ocrx_word' id='word_1_9' title='bbox 216 358 503 434; x_wconf 61' lang='lat' dir='ltr'>mnium</span> <span class='ocrx_word' id='word_1_10' title='bbox 521 355 824 459; x_wconf 80' lang='lat' dir='ltr'>gentium</span> <span class='ocrx_word' id='word_1_11' title='bbox 841 384 1031 433; x_wconf 78' lang='lat' dir='ltr'>voces</span> <span class='ocrx_word' id='word_1_12' title='bbox 1050 364 1116 430; x_wconf 88' lang='lat'>&amp;</span> <span class='ocrx_word' id='word_1_13' title='bbox 1136 353 1495 430; x_wconf 85' lang='lat' dir='ltr'>discrimina</span> <span class='ocrx_word' id='word_1_14' title='bbox 1508 351 1785 430; x_wconf 84' lang='lat' dir='ltr'>vestium</span> <span class='ocrx_word' id='word_1_15' title='bbox 1807 349 2123 431; x_wconf 84' lang='lat' dir='ltr'>faciebant</span> <span class='ocrx_word' id='word_1_16' title='bbox 2139 391 2161 433; x_wconf 71' lang='grc' dir='ltr'><strong>ι</strong></span> <span class='ocrx_word' id='word_1_17' title='bbox 2182 372 2251 439; x_wconf 70' lang='lat' dir='ltr'>e&lt;</span> 
     </span>
     <span class='ocr_line' id='line_1_3' title="bbox 212 451 2257 559; baseline -0.003 -28"><span class='ocrx_word' id='word_1_18' title='bbox 212 484 354 531; x_wconf 89' lang='lat' dir='ltr'>cum</span> <span class='ocrx_word' id='word_1_19' title='bbox 375 458 415 529; x_wconf 72' lang='lat' dir='ltr'>a</span> <span class='ocrx_word' id='word_1_20' title='bbox 434 456 810 531; x_wconf 83' lang='lat' dir='ltr'>diverfitore</span> <span class='ocrx_word' id='word_1_21' title='bbox 823 482 1175 559; x_wconf 80' lang='lat' dir='ltr'>quaererem</span> <span class='ocrx_word' id='word_1_22' title='bbox 1198 507 1224 543; x_wconf 86' lang='lat'><strong>,</strong></span> <span class='ocrx_word' id='word_1_23' title='bbox 1254 483 1395 554; x_wconf 83' lang='lat' dir='ltr'>quae</span> <span class='ocrx_word' id='word_1_24' title='bbox 1416 454 1593 528; x_wconf 86' lang='lat' dir='ltr'>causa</span> <span class='ocrx_word' id='word_1_25' title='bbox 1609 475 1745 524; x_wconf 89' lang='lat' dir='ltr'>tam</span> <span class='ocrx_word' id='word_1_26' title='bbox 1762 451 2076 527; x_wconf 81' lang='lat' dir='ltr'>diversam</span> <span class='ocrx_word' id='word_1_27' title='bbox 2098 464 2257 530; x_wconf 88' lang='lat' dir='ltr'>mul..</span> 
     </span>
     <span class='ocr_line' id='line_1_4' title="bbox 204 551 2263 657; baseline -0 -27"><span class='ocrx_word' id='word_1_28' title='bbox 204 559 562 631; x_wconf 82' lang='lat' dir='ltr'>titudinem</span> <span class='ocrx_word' id='word_1_29' title='bbox 593 557 900 657; x_wconf 69' lang='lat' dir='ltr'>coegiss&#39;et</span> <span class='ocrx_word' id='word_1_30' title='bbox 917 605 944 641; x_wconf 84' lang='lat'>‚-</span> <span class='ocrx_word' id='word_1_31' title='bbox 985 554 1314 654; x_wconf 87' lang='lat' dir='ltr'>Gephyrii</span> <span class='ocrx_word' id='word_1_32' title='bbox 1346 557 1534 628; x_wconf 83' lang='lat' dir='ltr'>minae</span> <span class='ocrx_word' id='word_1_33' title='bbox 1552 604 1573 636; x_wconf 87' lang='lat'>,</span> <span class='ocrx_word' id='word_1_34' title='bbox 1611 551 1819 648; x_wconf 83' lang='lat' dir='ltr'>inquit</span> <span class='ocrx_word' id='word_1_35' title='bbox 1835 608 1859 636; x_wconf 86' lang='lat'><em>,</em></span> <span class='ocrx_word' id='word_1_36' title='bbox 1902 561 1970 625; x_wconf 87' lang='lat'>&amp;</span> <span class='ocrx_word' id='word_1_37' title='bbox 2011 557 2081 626; x_wconf 90' lang='lat' dir='ltr'>in</span> <span class='ocrx_word' id='word_1_38' title='bbox 2100 555 2263 630; x_wconf 83' lang='lat' dir='ltr'>banc</span> 
     </span>
     <span class='ocr_line' id='line_1_5' title="bbox 204 649 2260 753; baseline 0 -24"><span class='ocrx_word' id='word_1_39' title='bbox 204 656 449 731; x_wconf 87' lang='lat' dir='ltr'>urbem</span> <span class='ocrx_word' id='word_1_40' title='bbox 484 678 823 729; x_wconf 83' lang='lat' dir='ltr'>contumax</span> <span class='ocrx_word' id='word_1_41' title='bbox 870 652 1083 740; x_wconf 86' lang='lat' dir='ltr'>furor,</span> <span class='ocrx_word' id='word_1_42' title='bbox 1133 679 1318 753; x_wconf 78' lang='lat' dir='ltr'>patne</span> <span class='ocrx_word' id='word_1_43' title='bbox 1356 656 1554 726; x_wconf 82' lang='lat' dir='ltr'>totius</span> <span class='ocrx_word' id='word_1_44' title='bbox 1586 652 1756 722; x_wconf 84' lang='lat' dir='ltr'>orbis</span> <span class='ocrx_word' id='word_1_45' title='bbox 1773 649 1972 723; x_wconf 81' lang='lat' dir='ltr'>studia</span> <span class='ocrx_word' id='word_1_46' title='bbox 1993 657 2260 730; x_wconf 82' lang='lat' dir='ltr'>excivit.</span> 
     </span>
     <span class='ocr_line' id='line_1_6' title="bbox 201 752 2260 853; baseline -0.002 -24"><span class='ocrx_word' id='word_1_47' title='bbox 201 759 309 829; x_wconf 87' lang='lat' dir='ltr'>Et</span> <span class='ocrx_word' id='word_1_48' title='bbox 350 757 488 847; x_wconf 73' lang='lat' dir='ltr'>jam</span> <span class='ocrx_word' id='word_1_49' title='bbox 523 755 718 853; x_wconf 79' lang='lat' dir='ltr'>legati</span> <span class='ocrx_word' id='word_1_50' title='bbox 756 756 835 828; x_wconf 87' lang='lat' dir='ltr'>ab</span> <span class='ocrx_word' id='word_1_51' title='bbox 852 755 1152 835; x_wconf 85' lang='lat' dir='ltr'>omnibus</span> <span class='ocrx_word' id='word_1_52' title='bbox 1170 753 1458 851; x_wconf 85' lang='lat' dir='ltr'>imperiis</span> <span class='ocrx_word' id='word_1_53' title='bbox 1480 769 1821 827; x_wconf 83' lang='lat' dir='ltr'>venerunt:</span> <span class='ocrx_word' id='word_1_54' title='bbox 1877 752 1971 822; x_wconf 90' lang='lat' dir='ltr'>illi</span> <span class='ocrx_word' id='word_1_55' title='bbox 2042 752 2260 830; x_wconf 89' lang='lat' dir='ltr'>uidem</span> 
     </span>
     <span class='ocr_line' id='line_1_7' title="bbox 204 779 2269 953; baseline -0.001 -25"><span class='ocrx_word' id='word_1_56' title='bbox 204 879 301 928; x_wconf 85' lang='lat' dir='ltr'>ne</span> <span class='ocrx_word' id='word_1_57' title='bbox 321 853 782 953; x_wconf 84' lang='lat' dir='ltr'>Gephyriinos</span> <span class='ocrx_word' id='word_1_58' title='bbox 801 852 1358 952; x_wconf 21' lang='lat' dir='ltr'>:id-turpitudinem</span> <span class='ocrx_word' id='word_1_59' title='bbox 1380 853 1587 952; x_wconf 88' lang='lat' dir='ltr'>iniqui</span> <span class='ocrx_word' id='word_1_60' title='bbox 1618 847 1881 951; x_wconf 73' lang='lat' dir='ltr'>foederis</span> <span class='ocrx_word' id='word_1_61' title='bbox 1916 779 2269 938; x_wconf 50' lang='lat' dir='ltr'>deaucanv,</span> 
     </span>
     <span class='ocr_line' id='line_1_8' title="bbox 203 949 2267 1046; baseline -0 -20"><span class='ocrx_word' id='word_1_62' title='bbox 203 955 323 1026; x_wconf 80' lang='lat' dir='ltr'>alii</span> <span class='ocrx_word' id='word_1_63' title='bbox 344 977 414 1023; x_wconf 88' lang='lat' dir='ltr'>ut</span> <span class='ocrx_word' id='word_1_64' title='bbox 431 954 710 1027; x_wconf 86' lang='lat' dir='ltr'>incendii</span> <span class='ocrx_word' id='word_1_65' title='bbox 729 949 1012 1026; x_wconf 70' lang='lat' dir='ltr'>fiii-orem</span> <span class='ocrx_word' id='word_1_66' title='bbox 1036 954 1299 1023; x_wconf 83' lang='lat' dir='ltr'>obruere</span> <span class='ocrx_word' id='word_1_67' title='bbox 1320 953 1594 1023; x_wconf 83' lang='lat' dir='ltr'>velimus</span> <span class='ocrx_word' id='word_1_68' title='bbox 1610 995 1633 1031; x_wconf 90' lang='lat'>‚</span> <span class='ocrx_word' id='word_1_69' title='bbox 1689 967 2023 1046; x_wconf 84' lang='lat' dir='ltr'>antequam</span> <span class='ocrx_word' id='word_1_70' title='bbox 2047 956 2267 1025; x_wconf 85' lang='lat' dir='ltr'>conti-</span> 
     </span>
     <span class='ocr_line' id='line_1_9' title="bbox 197 1046 2267 1153; baseline 0 -29"><span class='ocrx_word' id='word_1_71' title='bbox 197 1078 403 1153; x_wconf 85' lang='lat' dir='ltr'>guam</span> <span class='ocrx_word' id='word_1_72' title='bbox 429 1074 677 1152; x_wconf 85' lang='lat' dir='ltr'>partem</span> <span class='ocrx_word' id='word_1_73' title='bbox 693 1073 1004 1125; x_wconf 86' lang='lat' dir='ltr'>terrarum</span> <span class='ocrx_word' id='word_1_74' title='bbox 1023 1075 1095 1123; x_wconf 86' lang='lat' dir='ltr'>ac</span> <span class='ocrx_word' id='word_1_75' title='bbox 1109 1049 1338 1123; x_wconf 86' lang='lat' dir='ltr'>deiude</span> <span class='ocrx_word' id='word_1_76' title='bbox 1356 1072 1574 1124; x_wconf 83' lang='lat' dir='ltr'>totum</span> <span class='ocrx_word' id='word_1_77' title='bbox 1606 1046 1827 1120; x_wconf 85' lang='lat' dir='ltr'>orbem</span> <span class='ocrx_word' id='word_1_78' title='bbox 1850 1094 1887 1145; x_wconf 17' lang='grc' dir='ltr'>,ι</span> <span class='ocrx_word' id='word_1_79' title='bbox 1912 1050 2267 1126; x_wconf 78' lang='lat' dir='ltr'>valentiffi-</span> 
     </span>
    </p>
   </div>
   <div class='ocr_carea' id='block_1_2' title="bbox 179 1153 2349 3432">
    <p class='ocr_par' dir='ltr' id='par_1_2' title="bbox 200 1153 944 1251">
     <span class='ocr_line' id='line_1_10' title="bbox 200 1153 944 1251; baseline -0.005 -24"><span class='ocrx_word' id='word_1_80' title='bbox 200 1178 324 1227; x_wconf 80' lang='lat' dir='ltr'>mo</span> <span class='ocrx_word' id='word_1_81' title='bbox 345 1153 579 1224; x_wconf 87' lang='lat' dir='ltr'>ardore</span> <span class='ocrx_word' id='word_1_82' title='bbox 598 1173 944 1251; x_wconf 85' lang='lat' dir='ltr'>pervertat.</span> 
     </span>
    </p>

    <p class='ocr_par' dir='ltr' id='par_1_3' title="bbox 189 1243 2349 1744">
     <span class='ocr_line' id='line_1_11' title="bbox 305 1243 2267 1353; baseline 0.001 -31"><span class='ocrx_word' id='word_1_83' title='bbox 305 1255 468 1349; x_wconf 86' lang='lat' dir='ltr'>Ego</span> <span class='ocrx_word' id='word_1_84' title='bbox 484 1249 631 1323; x_wconf 88' lang='lat' dir='ltr'>sane</span> <span class='ocrx_word' id='word_1_85' title='bbox 651 1278 774 1324; x_wconf 88' lang='lat' dir='ltr'>nec</span> <span class='ocrx_word' id='word_1_86' title='bbox 795 1252 935 1353; x_wconf 83' lang='lat' dir='ltr'>quis</span> <span class='ocrx_word' id='word_1_87' title='bbox 952 1247 1326 1351; x_wconf 83' lang='lat' dir='ltr'>Gephyrius</span> <span class='ocrx_word' id='word_1_88' title='bbox 1364 1243 1519 1324; x_wconf 81' lang='lat' dir='ltr'>effet</span> <span class='ocrx_word' id='word_1_89' title='bbox 1550 1244 1918 1349; x_wconf 73' lang='lat' dir='ltr'>ignorabam</span> <span class='ocrx_word' id='word_1_90' title='bbox 1937 1303 1956 1331; x_wconf 89' lang='lat'><strong>,</strong></span> <span class='ocrx_word' id='word_1_91' title='bbox 2014 1255 2083 1322; x_wconf 78' lang='grc' dir='ltr'>δε</span> <span class='ocrx_word' id='word_1_92' title='bbox 2122 1267 2267 1325; x_wconf 83' lang='lat' dir='ltr'>tam</span> 
     </span>
     <span class='ocr_line' id='line_1_12' title="bbox 189 1343 2349 1452; baseline 0 -31"><span class='ocrx_word' id='word_1_93' title='bbox 189 1350 466 1448; x_wconf 80' lang='lat' dir='ltr'>‘publici</span> <span class='ocrx_word' id='word_1_94' title='bbox 493 1353 799 1424; x_wconf 84' lang='lat' dir='ltr'>tumultus</span> <span class='ocrx_word' id='word_1_95' title='bbox 833 1374 1272 1452; x_wconf 77' lang='lat' dir='ltr'>cognoveram</span> <span class='ocrx_word' id='word_1_96' title='bbox 1314 1344 1581 1420; x_wconf 85' lang='lat' dir='ltr'>fontem.</span> <span class='ocrx_word' id='word_1_97' title='bbox 1638 1346 1766 1422; x_wconf 88' lang='lat' dir='ltr'>Sed</span> <span class='ocrx_word' id='word_1_98' title='bbox 1783 1372 1917 1418; x_wconf 88' lang='lat' dir='ltr'>non</span> <span class='ocrx_word' id='word_1_99' title='bbox 1941 1343 2255 1422; x_wconf 85' lang='lat' dir='ltr'>habebam</span> <span class='ocrx_word' id='word_1_100' title='bbox 2336 1434 2349 1444; x_wconf 32' lang='lat'><em>‘</em></span> 
     </span>
     <span class='ocr_line' id='line_1_13' title="bbox 201 1444 2261 1546; baseline -0 -23"><span class='ocrx_word' id='word_1_101' title='bbox 201 1451 523 1546; x_wconf 86' lang='lat' dir='ltr'>ineptum</span> <span class='ocrx_word' id='word_1_102' title='bbox 555 1449 995 1523; x_wconf 77' lang='lat' dir='ltr'>diversit-orem</span> <span class='ocrx_word' id='word_1_103' title='bbox 1031 1497 1054 1531; x_wconf 87' lang='lat'><strong>‚</strong></span> <span class='ocrx_word' id='word_1_104' title='bbox 1107 1457 1174 1521; x_wconf 87' lang='lat'>&amp;</span> <span class='ocrx_word' id='word_1_105' title='bbox 1219 1469 1520 1546; x_wconf 79' lang='lat' dir='ltr'>praeterea</span> <span class='ocrx_word' id='word_1_106' title='bbox 1549 1466 1910 1519; x_wconf 82' lang='lat' dir='ltr'>exterorum</span> <span class='ocrx_word' id='word_1_107' title='bbox 1952 1444 2261 1522; x_wconf 83' lang='lat' dir='ltr'>concursu</span> 
     </span>
     <span class='ocr_line' id='line_1_14' title="bbox 205 1543 2260 1647; baseline 0 -28"><span class='ocrx_word' id='word_1_108' title='bbox 205 1546 433 1619; x_wconf 61' lang='lat' dir='ltr'>dofie</span> <span class='ocrx_word' id='word_1_109' title='bbox 470 1548 635 1619; x_wconf 87' lang='lat' dir='ltr'>mibi</span> <span class='ocrx_word' id='word_1_110' title='bbox 670 1549 754 1620; x_wconf 82' lang='lat' dir='ltr'>de</span> <span class='ocrx_word' id='word_1_111' title='bbox 788 1546 1214 1620; x_wconf 76' lang='lat' dir='ltr'>controversia</span> <span class='ocrx_word' id='word_1_112' title='bbox 1253 1545 1421 1645; x_wconf 80' lang='lat' dir='ltr'>posse</span> <span class='ocrx_word' id='word_1_113' title='bbox 1438 1547 1614 1645; x_wconf 88' lang='lat' dir='ltr'>loqui</span> <span class='ocrx_word' id='word_1_114' title='bbox 1632 1543 1980 1630; x_wconf 80' lang='lat' dir='ltr'>videbatur.</span> <span class='ocrx_word' id='word_1_115' title='bbox 2029 1554 2260 1647; x_wconf 88' lang='lat' dir='ltr'>Itaque</span> 
     </span>
     <span class='ocr_line' id='line_1_15' title="bbox 212 1642 2258 1744; baseline 0.002 -28"><span class='ocrx_word' id='word_1_116' title='bbox 212 1642 572 1717; x_wconf 64' lang='lat' dir='ltr'>seductum</span> <span class='ocrx_word' id='word_1_117' title='bbox 588 1646 657 1716; x_wconf 89' lang='lat' dir='ltr'>in</span> <span class='ocrx_word' id='word_1_118' title='bbox 672 1647 935 1719; x_wconf 83' lang='lat' dir='ltr'>interius</span> <span class='ocrx_word' id='word_1_119' title='bbox 955 1645 1257 1719; x_wconf 86' lang='lat' dir='ltr'>stabulum</span> <span class='ocrx_word' id='word_1_120' title='bbox 1275 1648 1446 1744; x_wconf 83' lang='lat' dir='ltr'>coepi</span> <span class='ocrx_word' id='word_1_121' title='bbox 1463 1645 1714 1717; x_wconf 83' lang='lat' dir='ltr'>liberius</span> <span class='ocrx_word' id='word_1_122' title='bbox 1730 1667 1917 1716; x_wconf 88' lang='lat' dir='ltr'>orare</span> <span class='ocrx_word' id='word_1_123' title='bbox 1936 1689 1961 1724; x_wconf 85' lang='lat'>‚</span> <span class='ocrx_word' id='word_1_124' title='bbox 2014 1668 2085 1717; x_wconf 88' lang='lat' dir='ltr'>ut</span> <span class='ocrx_word' id='word_1_125' title='bbox 2118 1673 2258 1721; x_wconf 89' lang='lat' dir='ltr'>rem</span> 
     </span>
    </p>

    <p class='ocr_par' dir='ltr' id='par_1_4' title="bbox 211 1741 2264 2042">
     <span class='ocr_line' id='line_1_16' title="bbox 219 1741 2261 1844; baseline 0.001 -29"><span class='ocrx_word' id='word_1_126' title='bbox 219 1746 373 1815; x_wconf 79' lang='lat' dir='ltr'>alte</span> <span class='ocrx_word' id='word_1_127' title='bbox 409 1767 800 1842; x_wconf 83' lang='lat' dir='ltr'>exponeret,</span> <span class='ocrx_word' id='word_1_128' title='bbox 841 1752 905 1816; x_wconf 86' lang='lat'>&amp;</span> <span class='ocrx_word' id='word_1_129' title='bbox 938 1746 1263 1844; x_wconf 86' lang='lat' dir='ltr'>quomodo</span> <span class='ocrx_word' id='word_1_130' title='bbox 1283 1743 1689 1842; x_wconf 87' lang='lat' dir='ltr'>Gephytium</span> <span class='ocrx_word' id='word_1_131' title='bbox 1711 1741 1996 1816; x_wconf 80' lang='lat' dir='ltr'>laefifl&#39;ent</span> <span class='ocrx_word' id='word_1_132' title='bbox 2015 1799 2037 1827; x_wconf 88' lang='lat'>,</span> <span class='ocrx_word' id='word_1_133' title='bbox 2081 1749 2261 1838; x_wconf 73' lang='lat' dir='ltr'>cujus</span> 
     </span>
     <span class='ocr_line' id='line_1_17' title="bbox 211 1838 2261 1937; baseline 0.003 -22"><span class='ocrx_word' id='word_1_134' title='bbox 211 1838 434 1915; x_wconf 82' lang='lat' dir='ltr'>etiam</span> <span class='ocrx_word' id='word_1_135' title='bbox 451 1839 627 1915; x_wconf 82' lang='lat' dir='ltr'>furor</span> <span class='ocrx_word' id='word_1_136' title='bbox 644 1846 804 1921; x_wconf 87' lang='lat' dir='ltr'>ultra</span> <span class='ocrx_word' id='word_1_137' title='bbox 820 1840 1025 1917; x_wconf 87' lang='lat' dir='ltr'>fatum</span> <span class='ocrx_word' id='word_1_138' title='bbox 1046 1843 1309 1915; x_wconf 88' lang='lat' dir='ltr'>mirabili</span> <span class='ocrx_word' id='word_1_139' title='bbox 1328 1846 1567 1933; x_wconf 85' lang='lat' dir='ltr'>ratione</span> <span class='ocrx_word' id='word_1_140' title='bbox 1585 1841 1874 1937; x_wconf 82' lang='lat' dir='ltr'>desaevit.</span> <span class='ocrx_word' id='word_1_141' title='bbox 1894 1843 2015 1911; x_wconf 89' lang='lat' dir='ltr'>Ille</span> <span class='ocrx_word' id='word_1_142' title='bbox 2036 1839 2100 1917; x_wconf 86' lang='lat' dir='ltr'>se</span> <span class='ocrx_word' id='word_1_143' title='bbox 2118 1846 2261 1921; x_wconf 84' lang='lat' dir='ltr'>diu-</span> 
     </span>
     <span class='ocr_line' id='line_1_18' title="bbox 212 1935 2264 2042; baseline 0.002 -27"><span class='ocrx_word' id='word_1_144' title='bbox 212 1942 356 2015; x_wconf 84' lang='lat' dir='ltr'>tius</span> <span class='ocrx_word' id='word_1_145' title='bbox 373 1944 647 2042; x_wconf 78' lang='lat' dir='ltr'>collegit</span> <span class='ocrx_word' id='word_1_146' title='bbox 665 1989 688 2025; x_wconf 85' lang='lat'>‚</span> <span class='ocrx_word' id='word_1_147' title='bbox 731 1949 796 2014; x_wconf 78' lang='grc' dir='ltr'>δι</span> <span class='ocrx_word' id='word_1_148' title='bbox 817 1945 988 2014; x_wconf 80' lang='lat' dir='ltr'>illius</span> <span class='ocrx_word' id='word_1_149' title='bbox 1011 1940 1243 2041; x_wconf 79' lang='lat' dir='ltr'>saporis</span> <span class='ocrx_word' id='word_1_150' title='bbox 1258 1945 1620 2015; x_wconf 88' lang='lat' dir='ltr'>orationem</span> <span class='ocrx_word' id='word_1_151' title='bbox 1641 1943 1888 2040; x_wconf 83' lang='lat' dir='ltr'>incepit</span> <span class='ocrx_word' id='word_1_152' title='bbox 1905 1978 1927 2018; x_wconf 62' lang='lat'>⁵</span> <span class='ocrx_word' id='word_1_153' title='bbox 2013 1935 2105 2015; x_wconf 55' lang='lat' dir='ltr'>ussae</span> <span class='ocrx_word' id='word_1_154' title='bbox 2126 1970 2264 2019; x_wconf 87' lang='lat' dir='ltr'>non</span> 
     </span>
    </p>

    <p class='ocr_par' dir='ltr' id='par_1_5' title="bbox 179 1968 2267 2214">
     <span class='ocr_line' id='line_1_19' title="bbox 179 1968 2267 2142; baseline 0.001 -28"><span class='ocrx_word' id='word_1_155' title='bbox 179 2046 182 2047; x_wconf 45' lang='lat'><em>⁷</em></span> <span class='ocrx_word' id='word_1_156' title='bbox 213 2040 262 2114; x_wconf 70' lang='grc' dir='ltr'>ὶ</span> <span class='ocrx_word' id='word_1_157' title='bbox 280 2039 590 2113; x_wconf 74' lang='lat' dir='ltr'>viliffimo</span> <span class='ocrx_word' id='word_1_158' title='bbox 606 2041 873 2115; x_wconf 86' lang='lat' dir='ltr'>homine</span> <span class='ocrx_word' id='word_1_159' title='bbox 888 2089 911 2125; x_wconf 90' lang='lat'>‚</span> <span class='ocrx_word' id='word_1_160' title='bbox 952 2038 1056 2113; x_wconf 87' lang='lat' dir='ltr'>sed</span> <span class='ocrx_word' id='word_1_161' title='bbox 1076 2044 1260 2142; x_wconf 85' lang='lat' dir='ltr'>plane</span> <span class='ocrx_word' id='word_1_162' title='bbox 1281 2044 1316 2113; x_wconf 73' lang='lat' dir='ltr'>a</span> <span class='ocrx_word' id='word_1_163' title='bbox 1334 2045 1555 2142; x_wconf 85' lang='lat' dir='ltr'>politis</span> <span class='ocrx_word' id='word_1_164' title='bbox 1573 1968 2267 2140; x_wconf 47' lang='lat' dir='ltr'>disceptatoribuscon-</span> 
     </span>
     <span class='ocr_line' id='line_1_20' title="bbox 221 2140 729 2214; baseline 0.004 -2"><span class='ocrx_word' id='word_1_165' title='bbox 221 2140 358 2212; x_wconf 78' lang='lat' dir='ltr'>dita</span> <span class='ocrx_word' id='word_1_166' title='bbox 372 2140 729 2214; x_wconf 80' lang='lat' dir='ltr'>videbatur.</span> 
     </span>
    </p>

    <p class='ocr_par' dir='ltr' id='par_1_6' title="bbox 222 2235 2331 3432">
     <span class='ocr_line' id='line_1_21' title="bbox 327 2235 2331 2351; baseline 0 -37"><span class='ocrx_word' id='word_1_167' title='bbox 327 2240 811 2340; x_wconf 87' lang='lat' dir='ltr'>Gephyriorum</span> <span class='ocrx_word' id='word_1_168' title='bbox 844 2240 1029 2314; x_wconf 82' lang='lat' dir='ltr'>series</span> <span class='ocrx_word' id='word_1_169' title='bbox 1048 2287 1070 2322; x_wconf 88' lang='lat'>‚</span> <span class='ocrx_word' id='word_1_170' title='bbox 1113 2242 1322 2343; x_wconf 81' lang='lat' dir='ltr'>inquit</span> <span class='ocrx_word' id='word_1_171' title='bbox 1346 2293 1371 2329; x_wconf 86' lang='lat'><strong>,</strong></span> <span class='ocrx_word' id='word_1_172' title='bbox 1413 2235 1905 2318; x_wconf 81' lang='lat' dir='ltr'>&amp;formidabile</span> <span class='ocrx_word' id='word_1_173' title='bbox 1924 2263 2025 2315; x_wconf 88' lang='lat' dir='ltr'>tot</span> <span class='ocrx_word' id='word_1_174' title='bbox 2042 2247 2264 2347; x_wconf 67' lang='lat' dir='ltr'>genti-0.</span> <span class='ocrx_word' id='word_1_175' title='bbox 2286 2277 2331 2351; x_wconf 84' lang='lat'>5</span> 
     </span>
     <span class='ocr_line' id='line_1_22' title="bbox 223 2337 2263 2427; baseline 0.005 -18"><span class='ocrx_word' id='word_1_176' title='bbox 223 2337 338 2409; x_wconf 88' lang='lat' dir='ltr'>bus</span> <span class='ocrx_word' id='word_1_177' title='bbox 369 2364 651 2427; x_wconf 83' lang='lat' dir='ltr'>nomen,</span> <span class='ocrx_word' id='word_1_178' title='bbox 690 2367 822 2413; x_wconf 87' lang='lat' dir='ltr'>non</span> <span class='ocrx_word' id='word_1_179' title='bbox 841 2345 1023 2414; x_wconf 87' lang='lat' dir='ltr'>unica</span> <span class='ocrx_word' id='word_1_180' title='bbox 1043 2364 1229 2416; x_wconf 82' lang='lat' dir='ltr'>aetate</span> <span class='ocrx_word' id='word_1_181' title='bbox 1248 2392 1271 2425; x_wconf 89' lang='lat'>‚</span> <span class='ocrx_word' id='word_1_182' title='bbox 1313 2365 1422 2415; x_wconf 88' lang='lat' dir='ltr'>aut</span> <span class='ocrx_word' id='word_1_183' title='bbox 1441 2343 1653 2416; x_wconf 88' lang='lat' dir='ltr'>seculo</span> <span class='ocrx_word' id='word_1_184' title='bbox 1673 2389 1695 2420; x_wconf 68' lang='grc'>,</span> <span class='ocrx_word' id='word_1_185' title='bbox 1731 2343 1794 2410; x_wconf 90' lang='lat' dir='ltr'>in</span> <span class='ocrx_word' id='word_1_186' title='bbox 1817 2362 2063 2417; x_wconf 87' lang='lat' dir='ltr'>tantum</span> <span class='ocrx_word' id='word_1_187' title='bbox 2083 2342 2263 2421; x_wconf 80' lang='lat' dir='ltr'>fasti-</span> 
     </span>
     <span class='ocr_line' id='line_1_23' title="bbox 222 2440 2272 2540; baseline 0.005 -31"><span class='ocrx_word' id='word_1_188' title='bbox 222 2440 401 2539; x_wconf 83' lang='lat' dir='ltr'>gium</span> <span class='ocrx_word' id='word_1_189' title='bbox 420 2442 727 2511; x_wconf 81' lang='lat' dir='ltr'>excrevit.</span> <span class='ocrx_word' id='word_1_190' title='bbox 787 2442 1057 2514; x_wconf 82' lang='lat' dir='ltr'>Placidis</span> <span class='ocrx_word' id='word_1_191' title='bbox 1077 2440 1499 2540; x_wconf 84' lang='lat' dir='ltr'>mollibusque</span> <span class='ocrx_word' id='word_1_192' title='bbox 1516 2443 1716 2512; x_wconf 79' lang='lat' dir='ltr'>initiis</span> <span class='ocrx_word' id='word_1_193' title='bbox 1737 2486 1760 2520; x_wconf 89' lang='lat'>‚</span> <span class='ocrx_word' id='word_1_194' title='bbox 1783 2444 1800 2476; x_wconf 78' lang='lat'>⁸</span> <span class='ocrx_word' id='word_1_195' title='bbox 1822 2443 1991 2512; x_wconf 85' lang='lat' dir='ltr'>velut</span> <span class='ocrx_word' id='word_1_196' title='bbox 2010 2444 2120 2515; x_wconf 85' lang='lat' dir='ltr'>ille</span> <span class='ocrx_word' id='word_1_197' title='bbox 2137 2450 2272 2518; x_wconf 86' lang='lat' dir='ltr'>Eu-</span> 
     </span>
     <span class='ocr_line' id='line_1_24' title="bbox 230 2533 2271 2641; baseline 0.002 -30"><span class='ocrx_word' id='word_1_198' title='bbox 230 2563 404 2634; x_wconf 84' lang='lat' dir='ltr'>ropae</span> <span class='ocrx_word' id='word_1_199' title='bbox 424 2558 670 2608; x_wconf 84' lang='lat' dir='ltr'>amator</span> <span class='ocrx_word' id='word_1_200' title='bbox 686 2596 706 2622; x_wconf 92' lang='lat'><em>,</em></span> <span class='ocrx_word' id='word_1_201' title='bbox 745 2538 968 2612; x_wconf 80' lang='lat' dir='ltr'>sensim</span> <span class='ocrx_word' id='word_1_202' title='bbox 989 2540 1216 2611; x_wconf 87' lang='lat' dir='ltr'>orbem</span> <span class='ocrx_word' id='word_1_203' title='bbox 1237 2541 1274 2610; x_wconf 83' lang='grc' dir='ltr'>ὲ</span> <span class='ocrx_word' id='word_1_204' title='bbox 1295 2542 1516 2611; x_wconf 87' lang='lat' dir='ltr'>littore</span> <span class='ocrx_word' id='word_1_205' title='bbox 1531 2542 1598 2609; x_wconf 91' lang='lat' dir='ltr'>in</span> <span class='ocrx_word' id='word_1_206' title='bbox 1620 2533 1985 2610; x_wconf 84' lang='lat' dir='ltr'>altiffimum</span> <span class='ocrx_word' id='word_1_207' title='bbox 2005 2539 2271 2641; x_wconf 81' lang='lat' dir='ltr'>pelagus</span> 
     </span>
     <span class='ocr_line' id='line_1_25' title="bbox 230 2632 2275 2714; baseline 0.002 -6"><span class='ocrx_word' id='word_1_208' title='bbox 230 2636 401 2708; x_wconf 87' lang='lat' dir='ltr'>nihil</span> <span class='ocrx_word' id='word_1_209' title='bbox 415 2632 789 2710; x_wconf 87' lang='lat' dir='ltr'>sentientem</span> <span class='ocrx_word' id='word_1_210' title='bbox 806 2639 1223 2713; x_wconf 82' lang='lat' dir='ltr'>deduxerunt.</span> <span class='ocrx_word' id='word_1_211' title='bbox 1265 2645 1369 2711; x_wconf 88' lang='lat' dir='ltr'>Ac</span> <span class='ocrx_word' id='word_1_212' title='bbox 1388 2661 1471 2709; x_wconf 90' lang='lat' dir='ltr'>ne</span> <span class='ocrx_word' id='word_1_213' title='bbox 1486 2638 1704 2709; x_wconf 86' lang='lat' dir='ltr'>omnia</span> <span class='ocrx_word' id='word_1_214' title='bbox 1716 2637 1971 2706; x_wconf 87' lang='lat' dir='ltr'>illorum</span> <span class='ocrx_word' id='word_1_215' title='bbox 1988 2637 2275 2714; x_wconf 72' lang='lat' dir='ltr'>artificiis</span> 
     </span>
     <span class='ocr_line' id='line_1_26' title="bbox 232 2733 2269 2838; baseline 0.003 -32"><span class='ocrx_word' id='word_1_216' title='bbox 232 2735 556 2830; x_wconf 88' lang='lat' dir='ltr'>imputem</span> <span class='ocrx_word' id='word_1_217' title='bbox 575 2781 596 2815; x_wconf 89' lang='lat'>,</span> <span class='ocrx_word' id='word_1_218' title='bbox 631 2733 909 2809; x_wconf 84' lang='lat' dir='ltr'>accusare</span> <span class='ocrx_word' id='word_1_219' title='bbox 926 2739 1242 2830; x_wconf 83' lang='lat' dir='ltr'>majorum</span> <span class='ocrx_word' id='word_1_220' title='bbox 1261 2736 1620 2809; x_wconf 88' lang='lat' dir='ltr'>nostrorum</span> <span class='ocrx_word' id='word_1_221' title='bbox 1637 2735 2098 2833; x_wconf 84' lang='lat' dir='ltr'>benignitatem</span> <span class='ocrx_word' id='word_1_222' title='bbox 2117 2740 2269 2838; x_wconf 89' lang='lat' dir='ltr'>pos-</span> 
     </span>
     <span class='ocr_line' id='line_1_27' title="bbox 231 2831 2265 2937; baseline 0.005 -33"><span class='ocrx_word' id='word_1_223' title='bbox 231 2831 444 2904; x_wconf 83' lang='lat' dir='ltr'>sumus</span> <span class='ocrx_word' id='word_1_224' title='bbox 465 2880 488 2916; x_wconf 85' lang='lat'>‚</span> <span class='ocrx_word' id='word_1_225' title='bbox 527 2860 665 2934; x_wconf 84' lang='lat' dir='ltr'>quae</span> <span class='ocrx_word' id='word_1_226' title='bbox 696 2837 962 2909; x_wconf 86' lang='lat' dir='ltr'>invitam</span> <span class='ocrx_word' id='word_1_227' title='bbox 995 2837 1482 2935; x_wconf 88' lang='lat' dir='ltr'>Gephyriorum</span> <span class='ocrx_word' id='word_1_228' title='bbox 1506 2837 1940 2937; x_wconf 83' lang='lat' dir='ltr'>integritatem</span> <span class='ocrx_word' id='word_1_229' title='bbox 1963 2841 2161 2913; x_wconf 86' lang='lat' dir='ltr'>nimia</span> <span class='ocrx_word' id='word_1_230' title='bbox 2181 2843 2265 2912; x_wconf 82' lang='lat' dir='ltr'>li-</span> 
     </span>
     <span class='ocr_line' id='line_1_28' title="bbox 229 2931 2261 3035; baseline 0.003 -29"><span class='ocrx_word' id='word_1_231' title='bbox 229 2931 481 3006; x_wconf 86' lang='lat' dir='ltr'>bertate</span> <span class='ocrx_word' id='word_1_232' title='bbox 495 2937 796 3035; x_wconf 87' lang='lat' dir='ltr'>corrupit.</span> <span class='ocrx_word' id='word_1_233' title='bbox 857 2937 1048 3010; x_wconf 90' lang='lat' dir='ltr'>Olim</span> <span class='ocrx_word' id='word_1_234' title='bbox 1069 2937 1328 3035; x_wconf 86' lang='lat' dir='ltr'>quidem</span> <span class='ocrx_word' id='word_1_235' title='bbox 1344 2993 1367 3021; x_wconf 90' lang='lat'><em>,</em></span> <span class='ocrx_word' id='word_1_236' title='bbox 1407 2960 1474 3010; x_wconf 89' lang='lat' dir='ltr'>ut</span> <span class='ocrx_word' id='word_1_237' title='bbox 1490 2939 1674 3011; x_wconf 88' lang='lat' dir='ltr'>audio</span> <span class='ocrx_word' id='word_1_238' title='bbox 1687 2993 1711 3022; x_wconf 89' lang='lat'>‚</span> <span class='ocrx_word' id='word_1_239' title='bbox 1757 2939 1903 3011; x_wconf 81' lang='lat' dir='ltr'>Rex</span> <span class='ocrx_word' id='word_1_240' title='bbox 1941 2934 2261 3015; x_wconf 83' lang='lat' dir='ltr'>sacrorum</span> 
     </span>
     <span class='ocr_line' id='line_1_29' title="bbox 229 3031 2269 3135; baseline 0.002 -30"><span class='ocrx_word' id='word_1_241' title='bbox 229 3031 398 3105; x_wconf 84' lang='lat' dir='ltr'>inter</span> <span class='ocrx_word' id='word_1_242' title='bbox 415 3033 762 3132; x_wconf 81' lang='lat' dir='ltr'>pontifices</span> <span class='ocrx_word' id='word_1_243' title='bbox 780 3034 1158 3135; x_wconf 82' lang='lat' dir='ltr'>imperabat,</span> <span class='ocrx_word' id='word_1_244' title='bbox 1179 3037 1202 3067; x_wconf 82' lang='lat'><em>²</em></span> <span class='ocrx_word' id='word_1_245' title='bbox 1218 3038 1422 3108; x_wconf 86' lang='lat' dir='ltr'>nullus</span> <span class='ocrx_word' id='word_1_246' title='bbox 1437 3038 1758 3109; x_wconf 80' lang='lat' dir='ltr'>ordinanti</span> <span class='ocrx_word' id='word_1_247' title='bbox 1779 3036 2269 3133; x_wconf 75' lang='lat' dir='ltr'>pulvinaria,vel</span> 
     </span>
     <span class='ocr_line' id='line_1_30' title="bbox 227 3127 2268 3236; baseline 0.001 -31"><span class='ocrx_word' id='word_1_248' title='bbox 227 3127 423 3205; x_wconf 77' lang='lat' dir='ltr'>fastos</span> <span class='ocrx_word' id='word_1_249' title='bbox 441 3135 799 3207; x_wconf 85' lang='lat' dir='ltr'>numeranti</span> <span class='ocrx_word' id='word_1_250' title='bbox 817 3133 1204 3235; x_wconf 86' lang='lat' dir='ltr'>repugnabat</span> <span class='ocrx_word' id='word_1_251' title='bbox 1223 3167 1248 3228; x_wconf 85' lang='lat'>·‚</span> <span class='ocrx_word' id='word_1_252' title='bbox 1278 3134 1384 3209; x_wconf 90' lang='lat' dir='ltr'>sed</span> <span class='ocrx_word' id='word_1_253' title='bbox 1401 3161 1480 3208; x_wconf 91' lang='lat' dir='ltr'>ne</span> <span class='ocrx_word' id='word_1_254' title='bbox 1496 3136 1783 3236; x_wconf 84' lang='lat' dir='ltr'>publicas</span> <span class='ocrx_word' id='word_1_255' title='bbox 1803 3132 1967 3205; x_wconf 86' lang='lat' dir='ltr'>vires</span> <span class='ocrx_word' id='word_1_256' title='bbox 1984 3159 2268 3233; x_wconf 86' lang='lat' dir='ltr'>occupa-</span> 
     </span>
     <span class='ocr_line' id='line_1_31' title="bbox 231 3229 2264 3333; baseline 0.003 -31"><span class='ocrx_word' id='word_1_257' title='bbox 231 3251 340 3303; x_wconf 83' lang='lat' dir='ltr'>ret</span> <span class='ocrx_word' id='word_1_258' title='bbox 370 3252 502 3304; x_wconf 89' lang='lat' dir='ltr'>tam</span> <span class='ocrx_word' id='word_1_259' title='bbox 540 3229 962 3333; x_wconf 86' lang='lat' dir='ltr'>superstitiosa</span> <span class='ocrx_word' id='word_1_260' title='bbox 979 3233 1270 3327; x_wconf 77' lang='lat' dir='ltr'>majestas</span> <span class='ocrx_word' id='word_1_261' title='bbox 1286 3280 1309 3315; x_wconf 89' lang='lat'>‚</span> <span class='ocrx_word' id='word_1_262' title='bbox 1348 3260 1560 3332; x_wconf 88' lang='lat' dir='ltr'>neque</span> <span class='ocrx_word' id='word_1_263' title='bbox 1580 3232 1886 3332; x_wconf 85' lang='lat' dir='ltr'>populum</span> <span class='ocrx_word' id='word_1_264' title='bbox 1903 3231 1981 3304; x_wconf 86' lang='lat' dir='ltr'>ad</span> <span class='ocrx_word' id='word_1_265' title='bbox 1995 3233 2264 3308; x_wconf 84' lang='lat' dir='ltr'>concio-</span> 
     </span>
     <span class='ocr_line' id='line_1_32' title="bbox 226 3328 2261 3432; baseline 0.003 -30"><span class='ocrx_word' id='word_1_266' title='bbox 226 3353 351 3403; x_wconf 78' lang='lat' dir='ltr'>nes</span> <span class='ocrx_word' id='word_1_267' title='bbox 387 3356 616 3407; x_wconf 82' lang='lat' dir='ltr'>vocare</span> <span class='ocrx_word' id='word_1_268' title='bbox 630 3353 884 3432; x_wconf 85' lang='lat' dir='ltr'>poterat</span> <span class='ocrx_word' id='word_1_269' title='bbox 905 3383 930 3421; x_wconf 90' lang='lat'>,</span> <span class='ocrx_word' id='word_1_270' title='bbox 967 3339 1036 3406; x_wconf 76' lang='grc' dir='ltr'>δι</span> <span class='ocrx_word' id='word_1_271' title='bbox 1071 3335 1089 3376; x_wconf 79' lang='lat'><em>³</em></span> <span class='ocrx_word' id='word_1_272' title='bbox 1111 3334 1291 3406; x_wconf 85' lang='lat' dir='ltr'>illum</span> <span class='ocrx_word' id='word_1_273' title='bbox 1308 3358 1455 3407; x_wconf 88' lang='lat' dir='ltr'>cum</span> <span class='ocrx_word' id='word_1_274' title='bbox 1476 3330 1742 3407; x_wconf 84' lang='lat' dir='ltr'>flamine</span> <span class='ocrx_word' id='word_1_275' title='bbox 1762 3328 1942 3402; x_wconf 88' lang='lat' dir='ltr'>Diali</span> <span class='ocrx_word' id='word_1_276' title='bbox 1958 3331 2037 3405; x_wconf 87' lang='lat' dir='ltr'>ab</span> <span class='ocrx_word' id='word_1_277' title='bbox 2052 3335 2261 3412; x_wconf 85' lang='lat' dir='ltr'>ambi·-</span> 
     </span>
    </p>
   </div>
   <div class='ocr_carea' id='block_1_3' title="bbox 2075 3437 2262 3508">
    <p class='ocr_par' dir='ltr' id='par_1_7' title="bbox 2075 3437 2262 3508">
     <span class='ocr_line' id='line_1_33' title="bbox 2075 3437 2262 3508; baseline 0.005 -3"><span class='ocrx_word' id='word_1_278' title='bbox 2075 3437 2262 3508; x_wconf 86' lang='lat' dir='ltr'>tione</span> 
     </span>
    </p>
   </div>
   <div class='ocr_carea' id='block_1_4' title="bbox 241 3525 2285 3806">
    <p class='ocr_par' dir='ltr' id='par_1_8' title="bbox 241 3525 2266 3719">
     <span class='ocr_line' id='line_1_34' title="bbox 303 3525 2266 3599; baseline 0.002 -18"><span class='ocrx_word' id='word_1_279' title='bbox 303 3545 329 3581; x_wconf 83' lang='grc' dir='ltr'><strong>ι</strong></span> <span class='ocrx_word' id='word_1_280' title='bbox 366 3535 496 3581; x_wconf 64' lang='grc' dir='ltr'>νοω</span> <span class='ocrx_word' id='word_1_281' title='bbox 517 3529 598 3582; x_wconf 74' lang='lat' dir='ltr'>ille</span> <span class='ocrx_word' id='word_1_282' title='bbox 609 3538 782 3599; x_wconf 64' lang='lat' dir='ltr'>Enopa</span> <span class='ocrx_word' id='word_1_283' title='bbox 804 3534 1011 3598; x_wconf 61' lang='lat' dir='ltr'>aaaron]</span> <span class='ocrx_word' id='word_1_284' title='bbox 1045 3538 1155 3584; x_wconf 78' lang='lat' dir='ltr'>nno</span> <span class='ocrx_word' id='word_1_285' title='bbox 1173 3533 1224 3582; x_wconf 73' lang='grc' dir='ltr'>δι</span> <span class='ocrx_word' id='word_1_286' title='bbox 1279 3544 1434 3582; x_wconf 81' lang='lat' dir='ltr'>terant</span> <span class='ocrx_word' id='word_1_287' title='bbox 1448 3530 1507 3581; x_wconf 83' lang='lat' dir='ltr'>ad</span> <span class='ocrx_word' id='word_1_288' title='bbox 1521 3541 1691 3579; x_wconf 83' lang='lat' dir='ltr'>nutum</span> <span class='ocrx_word' id='word_1_289' title='bbox 1706 3525 1947 3593; x_wconf 74' lang='lat' dir='ltr'>pontifices</span> <span class='ocrx_word' id='word_1_290' title='bbox 1964 3529 2266 3589; x_wconf 67' lang='lat' dir='ltr'>hominen&#39;ob</span> 
     </span>
     <span class='ocr_line' id='line_1_35' title="bbox 241 3597 2260 3670; baseline 0.005 -24"><span class='ocrx_word' id='word_1_291' title='bbox 241 3611 399 3663; x_wconf 72' lang='lat' dir='ltr'>raptor</span> <span class='ocrx_word' id='word_1_292' title='bbox 426 3602 639 3667; x_wconf 80' lang='lat' dir='ltr'>Juppitet</span> <span class='ocrx_word' id='word_1_293' title='bbox 669 3600 778 3651; x_wconf 69' lang='lat' dir='ltr'>filia</span> <span class='ocrx_word' id='word_1_294' title='bbox 813 3603 1046 3670; x_wconf 74' lang='lat' dir='ltr'>Agenoris</span> <span class='ocrx_word' id='word_1_295' title='bbox 1083 3602 1227 3669; x_wconf 70' lang='lat' dir='ltr'>Regis</span> <span class='ocrx_word' id='word_1_296' title='bbox 1283 3597 1864 3661; x_wconf 79' lang='lat' dir='ltr'>virmtem&amp;pietatemin</span> <span class='ocrx_word' id='word_1_297' title='bbox 1890 3599 2003 3651; x_wconf 76' lang='lat' dir='ltr'>deos</span> <span class='ocrx_word' id='word_1_298' title='bbox 2018 3599 2260 3655; x_wconf 72' lang='lat' dir='ltr'>consecta-</span> 
     </span>
     <span class='ocr_line' id='line_1_36' title="bbox 241 3661 1893 3719; baseline -0.01 12"><span class='ocrx_word' id='word_1_299' title='bbox 241 3664 543 3719; x_wconf 66' lang='lat' dir='ltr'>lhoenienm.</span> <span class='ocrx_word' id='word_1_300' title='bbox 1280 3683 1329 3719; x_wconf 86' lang='lat' dir='ltr'>re</span> <span class='ocrx_word' id='word_1_301' title='bbox 1341 3666 1394 3719; x_wconf 66' lang='grc' dir='ltr'>’ὰ</span> <span class='ocrx_word' id='word_1_302' title='bbox 1412 3671 1532 3719; x_wconf 83' lang='lat' dir='ltr'>inter</span> <span class='ocrx_word' id='word_1_303' title='bbox 1545 3661 1687 3716; x_wconf 76' lang='lat' dir='ltr'>fastos</span> <span class='ocrx_word' id='word_1_304' title='bbox 1710 3662 1893 3715; x_wconf 84' lang='lat' dir='ltr'>referre.</span> 
     </span>
    </p>

    <p class='ocr_par' dir='ltr' id='par_1_9' title="bbox 306 3730 2285 3806">
     <span class='ocr_line' id='line_1_37' title="bbox 306 3730 2285 3806; baseline 0.003 -22"><span class='ocrx_word' id='word_1_305' title='bbox 306 3749 335 3784; x_wconf 86' lang='lat'>2</span> <span class='ocrx_word' id='word_1_306' title='bbox 370 3735 1030 3806; x_wconf 64' lang='lat' dir='ltr'>munandin-meipnlw‘mia,</span> <span class='ocrx_word' id='word_1_307' title='bbox 1065 3739 1136 3787; x_wconf 68' lang='lat' dir='ltr'>vel</span> <span class='ocrx_word' id='word_1_308' title='bbox 1149 3737 1225 3798; x_wconf 72' lang='lat' dir='ltr'>fa·</span> <span class='ocrx_word' id='word_1_309' title='bbox 1351 3751 1375 3801; x_wconf 85' lang='lat'>3</span> <span class='ocrx_word' id='word_1_310' title='bbox 1415 3736 1549 3788; x_wconf 72' lang='lat' dir='ltr'>luam</span> <span class='ocrx_word' id='word_1_311' title='bbox 1578 3750 1672 3788; x_wconf 63' lang='lat' dir='ltr'>rm</span> <span class='ocrx_word' id='word_1_312' title='bbox 1696 3730 1865 3794; x_wconf 63' lang='lat' dir='ltr'>stou-bu</span> <span class='ocrx_word' id='word_1_313' title='bbox 1887 3737 2018 3786; x_wconf 71' lang='lat' dir='ltr'>Diali</span> <span class='ocrx_word' id='word_1_314' title='bbox 2039 3736 2285 3789; x_wconf 50' lang='lat' dir='ltr'>aurion*</span> 
     </span>
    </p>
   </div>
   <div class='ocr_carea' id='block_1_5' title="bbox 217 3796 2290 3919">
    <p class='ocr_par' dir='ltr' id='par_1_10' title="bbox 217 3796 2290 3919">
     <span class='ocr_line' id='line_1_38' title="bbox 217 3796 2290 3919; baseline -0.001 -59"><span class='ocrx_word' id='word_1_315' title='bbox 217 3799 315 3875; x_wconf 63' lang='lat' dir='ltr'>{os</span> <span class='ocrx_word' id='word_1_316' title='bbox 324 3806 890 3878; x_wconf 60' lang='lat' dir='ltr'>merminpngnaebaed</span> <span class='ocrx_word' id='word_1_317' title='bbox 922 3809 1027 3858; x_wconf 70' lang='lat' dir='ltr'>Hoc</span> <span class='ocrx_word' id='word_1_318' title='bbox 1040 3804 1123 3864; x_wconf 77' lang='lat' dir='ltr'>efl,</span> <span class='ocrx_word' id='word_1_319' title='bbox 1141 3818 1230 3871; x_wconf 65' lang='grc' dir='ltr'>ρο·</span> <span class='ocrx_word' id='word_1_320' title='bbox 1280 3801 1601 3875; x_wconf 68' lang='lat' dir='ltr'>magistratuum</span> <span class='ocrx_word' id='word_1_321' title='bbox 1612 3796 1812 3864; x_wconf 64' lang='lat' dir='ltr'>sollium</span> <span class='ocrx_word' id='word_1_322' title='bbox 1837 3819 2080 3860; x_wconf 60' lang='lat' dir='ltr'>mmm</span> <span class='ocrx_word' id='word_1_323' title='bbox 2110 3811 2245 3919; x_wconf 55' lang='lat' dir='ltr'>legg·⁸</span> <span class='ocrx_word' id='word_1_324' title='bbox 2239 3808 2290 3868; x_wconf 72' lang='grc'>1.</span> 
     </span>
    </p>
   </div>
  </div>
 </body>
</html>
