2738 4475
476 265 622 345 524
957 235 1473 316 Euenortu.
1521 233 2040 306 Sal-tvarlct

473 384 582 435 aut
603 357 780 433 certe
800 353 1141 436 fastidium,
1160 353 1467 448 recidere.
1515 352 1693 421 Non
1725 371 1854 421 tam
1897 347 2157 444 quippe
2183 337 2412 416 aboleri
2442 367 2519 413 a·

476 488 625 538 mor
643 458 801 531 solet
820 514 840 541 ,
865 483 1058 557 quam
1087 453 1419 527 contrariis
1437 447 1767 522 affeetibus
1789 445 2210 519 marcescere.

587 567 606 602 ⁸
631 563 726 635 Hi
751 582 902 630 vero
925 559 1307 651 Optimates
1323 609 1343 637 ,
1388 575 1503 647 per
1521 573 1687 648 quos
1709 549 2014 642 Princeps
2040 544 2332 642 praecipua
2351 566 2502 613 mo-

483 681 701 736 menta
722 655 1129 754 Reipublicae
1155 673 1449 751 procurat
1463 695 1486 730 ,
1533 648 1757 746 quibus
1771 665 2075 718 externas
2103 669 2204 715 res
2220 664 2384 740 atque
2403 643 2500 709 ci·

476 762 644 834 viles
661 755 928 829 credens
950 809 968 838 ,
1007 756 1074 824 in
1093 757 1337 826 arcanis
1358 747 1639 821 consiliis
1662 743 2045 844 potiffirnum
2072 742 2277 815 fidem
2291 740 2490 824 habet,

479 858 814 959 dignitatis
853 851 973 925 suae
1013 876 1249 925 nervos
1270 857 1468 950 longe
1483 845 1692 919 solent
1709 847 1776 916 in
1791 846 1932 915 alios
1954 866 2323 912 concentus
2340 864 2495 909 tem-

479 979 701 1058 perare
724 984 743 1027 z
796 951 1041 1024 scilicet
1058 953 1137 1023 ad
1160 951 1221 1023 se
1248 952 1332 1025 fic
1351 947 1604 1020 trahere
1625 995 1648 1025 ,
1685 969 1757 1016 ac
1776 942 2242 1043 propemodum
2262 938 2393 1010 suas
2414 934 2496 1007 fa-

473 1080 619 1129 cere
651 1112 671 1141 ‚
714 1057 873 1127 altas
892 1054 1030 1124 illas
1057 1099 1081 1134 ,
1120 1058 1186 1122 &
1207 1048 1425 1121 salutis
1445 1050 1741 1119 omnium
1761 1069 1942 1121 curas,
1961 1063 2022 1109 ut
2041 1065 2175 1110 non
2205 1061 2342 1107 tam
2365 1043 2507 1108 Re-

393 1209 398 1213 ·
479 1155 733 1257 ‘publica
754 1174 988 1264 egeant
1005 1202 1028 1238 ,
1049 1177 1238 1250 quam
1259 1147 1383 1221 suis
1405 1147 1639 1221 officiis
1664 1143 1887 1216 deinde
1906 1137 2281 1236 Respublica.
2330 1141 2491 1206 Hoc

479 1279 697 1328 autem
719 1258 1118 1351 assequuntur
1136 1297 1157 1332 ‚
1180 1249 1424 1321 affiduo
1443 1251 1508 1317 in
1527 1246 1664 1317 haec
1682 1243 1928 1342 negotia
1943 1239 2133 1311 studio
2153 1282 2175 1317 ,
2207 1256 2484 1305 caetero-

478 1379 749 1454 rumque
768 1400 788 1434 ,
809 1377 881 1422 ac
901 1374 1363 1448 nonnunquam
1385 1345 1667 1445 ipsorum
1691 1344 2039 1440 Principum
2057 1395 2078 1422 ,
2112 1336 2381 1434 ingeniis
2403 1334 2486 1402 ab

478 1455 711 1526 intima
731 1453 977 1524 illarum
998 1476 1208 1522 rerum
1227 1447 1605 1547 cognitione
1630 1441 2100 1543 quammaxime
2106 1432 2347 1608 goffunt
2366 1456 2485 1502 ex·

481 1551 696 1628 clusis.
769 1556 952 1625 Nam
989 1571 1143 1621 tunc
1165 1549 1427 1649 quidem
1452 1543 1770 1616 tutiffime
1791 1543 2004 1615 omnia
2022 1565 2105 1637 po
2149 1557 2254 1606 unt
2274 1582 2298 1616 ,
2340 1557 2478 1602 cum

487 1654 828 1751 Principes
845 1650 1088 1721 suarum
1110 1674 1317 1720 rerum
1351 1647 1771 1745 ignoratione
1794 1652 1863 1717 δι
1892 1627 2498 1730 credulitateinipl'os

487 1751 934 1825 laborant.Sed
954 1751 1160 1850 ignari
1182 1746 1299 1820 suae
1319 1743 1507 1818 famae
1529 1770 1707 1815 veras
1730 1767 1924 1816 voces
1941 1765 2073 1812 non
2092 1736 2305 1832 saepins
2324 1757 2502 1830 quam

489 1851 606 1952 i‘pfi
629 1856 854 1953 Reges
869 1850 1239 1924 exaudiunt.
1294 1845 1817 1941 Nonpeculatus
1842 1888 1862 1922 ,
1881 1866 2010 1910 non
2032 1833 2325 1933 superbia:
2341 1832 2507 1901 invi-

489 1954 666 2026 diam
688 2000 711 2036 ,
732 1977 863 2024 non
883 1974 1112 2024 caetera
1127 1944 1405 2019 facinora
1420 1990 1442 2025 ‚
1487 1945 1532 2013 si
1551 1966 1820 2041 quorum
1839 1936 2085 2010 infamia
2097 1954 2313 2031 graves
2330 1926 2497 2007 sunt,

486 2052 645 2144 licet
663 2052 915 2151 publica
936 2049 1379 2146 indignatione
1396 2045 1625 2136 jassata
1642 2094 1663 2125 ‚
1682 2062 1826 2109 ante
1843 2037 1919 2107 de
1935 2032 2051 2104 suis
2069 2026 2497 2129 penetralibus

490 2148 809 2221 emanaffe
828 2147 1224 2248 cognoscunt
1244 2192 1274 2226 ,
1303 2169 1489 2245 quam
1511 2139 1637 2239 ipso
1656 2136 1926 2235 pondere
1943 2130 2189 2207 obruti,
2228 2129 2417 2199 simul
2435 2124 2500 2198 se

486 2243 614 2319 else
633 2246 868 2320 invisos
895 2296 918 2332 ‚
946 2253 1010 2317 &
1033 2246 1326 2347 castigari
1349 2246 1716 2338 intelligant.
1790 2235 2015 2310 Vultus
2041 2227 2186 2327 ipsis
2207 2249 2280 2297 ut
2299 2228 2502 2325 pluri·-

487 2370 666 2419 mum
702 2346 783 2418 ad
819 2350 1203 2447 gravitatem
1243 2339 1612 2443 compositi3
1661 2361 1791 2409 non
1822 2328 2156 2432 promiscui
2188 2326 2490 2407 accessus,

487 2443 705 2519 brevia
726 2447 1045 2548 alloquia,
1081 2446 1385 2542 taediique
1429 2462 1533 2513 aut
1569 2433 1902 2531 majestatis
1934 2428 2140 2530 specie
2158 2426 2490 2501 vibrantia.

486 2552 669 2622 lnter
687 2548 804 2622 hos
825 2549 1049 2647 pauci,
1081 2571 1199 2619 nec
1228 2545 1513 2642 negotiis
1533 2534 1864 2620 conlusos',
1893 2558 2015 2605 nec
2033 2550 2375 2604 marcentes
2395 2523 2493 2596 su·-

2289 2624 2506 2728 petbia

563 2794 588 2829 1
621 2781 689 2829 Ηι·
698 2797 797 2827 vm
808 2780 1063 2844 optimates,
1075 2793 1153 2844 per
1163 2796 1263 2844 qnos
1276 2778 1482 2844 Princeps
1544 2769 1948 2823 administratione
1960 2767 2105 2820 aceri
2113 2766 2185 2817 vix
2196 2761 2379 2832 potunt.
2426 2767 2511 2813 ve·

479 2847 690 2913 praecn‘pua
703 2858 912 2893 momenta
927 2846 1297 2913 Reip.procnraee·]
1312 2843 1478 2910 Qun·
1544 2857 1652 2891 rum
1666 2839 1801 2891 foelix
1814 2855 2011 2909 regnum
2024 2836 2137 2887 illud
2151 2834 2286 2885 fuerit
2296 2864 2315 2890 2
2349 2831 2398 2879 5¹²
2414 2846 2507 2897 φῦ

486 2923 591 2962 tum
612 2912 749 2991 Regi,
766 2914 815 2961 &
833 2928 978 2979 regno
993 2911 1197 2963 obfuerit
1210 2912 1271 2961 ad
1284 2914 1477 2961 alterius
1547 2915 1645 2960 Rex
1670 2909 1731 2959 ad
1761 2907 2077 2977 imperandum
2091 2918 2223 2953 natus
2240 2897 2360 2949 solus
2371 2913 2505 2961 porc·-

483 2992 656 3032 nutum
682 2980 933 3046 imperium
949 2979 1287 3040 administrare,
1313 2978 1480 3047 prisca,
1542 2980 1605 3027 rit
1632 2994 1742 3029 cum
1757 2973 2009 3045 sapientum
2020 2970 2207 3024 morino
2222 2967 2346 3033 regni
2359 2964 2498 3017 habc-

486 3046 736 3102 noviffima
768 3046 915 3101 secula
942 3063 1082 3118 atque
1129 3050 1247 3098 adeo
1278 3045 1477 3114 praescns
1542 3061 1625 3096 nas
1644 3047 1873 3098 moderari
1891 3079 1909 3102 .
1936 3058 2030 3094 non
2062 3054 2170 3092 vern
2199 3048 2326 3087 more
2353 3048 2495 3083 αω-

484 3132 593 3170 atas
639 3116 746 3170 satis
776 3116 1051 3186 probarunt.
1118 3122 1240 3170 Nam
1270 3118 1477 3168 Carolus
1538 3130 1643 3164 tum
1672 3116 1830 3164 alieno
1854 3111 2087 3163 ambulare
2109 3107 2248 3157 duan
2262 3123 2280 3153 ·.
2330 3103 2384 3151 δι
2411 3104 2507 3151 bac

486 3190 734 3240 martellus
750 3223 768 3246 .
800 3190 850 3239 δε
867 3193 1004 3255 Hugo
1019 3202 1215 3255 magnus
1232 3219 1252 3246 ‚
1287 3187 1338 3235 in
1352 3201 1476 3251 quo-
1537 3181 1729 3248 peffima
1757 3182 1824 3232 est
1850 3195 2037 3250 quoque
2063 3189 2313 3245 regnotum
2331 3167 2517 3221 neoeffi·

482 3270 593 3309 tum
607 3274 752 3309 manu
767 3253 946 3309 summa
964 3264 1117 3308 rerum
1131 3254 1280 3307 fuerat
1299 3288 1317 3311 .
1350 3260 1478 3321 Reg-
1535 3265 1606 3300 tas
1624 3283 1639 3305 ,
1677 3267 1778 3318 quae
1811 3254 1863 3300 ἀ
1894 3250 2096 3318 populos
2125 3251 2177 3297 in
2202 3255 2521 3306 contemptum

481 3340 599 3377 num
616 3342 731 3376 occu
764 3341 900 3376 arunt
919 3326 1151 3377 Gallicum
1171 3354 1187 3378 ¹
1220 3333 1316 3390 quo
1347 3337 1471 3371 tem·
1542 3319 1681 3386 Regis
1700 3318 1897 3369 adducit
1914 3335 1934 3377 3
1972 3320 2024 3368 &
2039 3319 2291 3385 optimates
2307 3343 2326 3369 ,
2364 3313 2459 3362 imo
2472 3310 2518 3357 fit

481 3409 600 3472 pore
634 3344 839 3444 micinae]
864 3396 1176 3461 curopalates
1203 3392 1252 3441 in
1273 3392 1474 3443 Oriente
1538 3387 1769 3453 Principes
1787 3386 1846 3435 ad
1865 3386 2200 3450 del-‘effrenem
2213 3397 2316 3433 non
2332 3378 2523 3431 tarnim·

482 3462 731 3526 imperium
762 3461 1027 3511 invadebat.
1075 3461 1213 3511 Adeo
1229 3460 1378 3511 nimia
1391 3474 1473 3526 po·
1538 3455 1684 3521 pellit.
1736 3458 1856 3504 Sunt
1881 3457 1971 3522 qui
2000 3455 2128 3505 hanc
2155 3467 2322 3506 vocem
2346 3448 2525 3501 nendi:

483 3528 632 3577 tentia
647 3560 662 3582 .
696 3532 745 3578 ἀ
764 3540 866 3577 tota
879 3528 1378 3591 administrandiregni
1393 3543 1470 3577 au·
1539 3522 1659 3587 apud
1675 3524 1885 3588 Euripid.
1928 3537 2289 3590 nonnunquam
2317 3517 2527 3582 usurpant.

481 3594 682 3645 thoritas
697 3593 904 3647 stimulat
921 3600 1131 3655 animos,
1155 3599 1206 3646 δι
1220 3596 1279 3646 ad
1293 3595 1472 3646 lizmma
1537 3587 1563 3640 ἒ
1579 3592 1818 3640 Cicerone
1828 3589 1912 3640 lib.
1923 3605 1948 3654 3
1961 3626 1975 3639 .
1995 3590 2103 3643 off.
2123 3594 2194 3643 ita
2208 3586 2467 3642 tutilinam:

480 3661 693 3741 audenda
708 3666 895 3713 excitat.
950 3660 1013 3716 Hi
1041 3666 1156 3715 tales
1184 3678 1378 3730 regnum
1411 3663 1475 3710 ita
1568 3658 2010 3721 Nmfivi’ladffl
2025 3658 2198 3726 ἕρμ’»
2210 3655 2536 3728 ηδ’·ὠζωὴ

481 3728 789 3800 permiscent,
821 3745 875 3783 ut
898 3733 957 3781 ad
986 3732 1282 3783 elucidandas
1299 3746 1372 3781 ιω
1387 3725 1473 3778 soli
1572 3725 1830 3777 mamm
1860 3728 1945 3776 en.
2002 3728 2156 3779 Aliis
2186 3732 2315 3779 rehu
2350 3730 2531 3795 μεωε-

482 3798 726 3855 videantur
755 3799 945 3859 idonei3
979 3801 1102 3853 unde
1113 3801 1234 3852 fitut
1263 3797 1290 3849 a
1319 3813 1476 3848 terum
1739 3798 1867 3843 colae.

2326 3878 2331 3883 ·
2380 3868 2537 3924 rxefu
