2738 4475
953 167 1449 245 Pana
1586 177 1680 246 11.
2153 203 2285 282 207

259 293 472 393 3ubee=
510 316 641 367 nec
663 290 1005 366 cohtentus
1020 308 1125 362 tot
1143 287 1419 375 officiis,
1452 291 1764 379 aduxoris
1783 295 2102 370 conclave
2119 297 2301 374 bent-

260 423 382 497 gna
412 421 614 471 manu
647 395 863 467 ducit:
902 386 1158 464 fortasse
1195 410 1266 459 ut
1301 388 1670 463 ostenderet
1701 390 2080 468 felicitatem
2115 397 2310 487 stum,

261 507 328 572 &
364 524 566 598 quam
600 495 862 595 egregia
878 489 1086 565 forma
1105 488 1326 585 beatus
1349 485 1680 562 frueretur.
1741 493 1965 567 Stabat
1981 494 2063 570 ad
2085 495 2331 595 specu--

256 600 398 670 lum
416 622 583 668 uxor
601 652 621 681 ,
654 613 1076 691 vexatamque
1096 585 1267 660 ferro
1285 612 1547 661 comam
1569 590 1932 667 ancillam
1954 597 2316 670 ministerio

258 696 642 796 torquebatt
681 718 751 766 ac
769 717 909 768 tum
929 688 1082 785 juffa
1094 685 1422 785 hospitem
1439 685 1697 767 salutare
1728 692 2067 768 intermisit
2084 701 2313 794 paulu-

261 798 399 868 lum
443 798 685 877 cultus,
727 792 1055 890 vultusque
1089 788 1484 860 humanitate
1508 790 1994 886 pleniffimosin
2012 822 2124 868 me
2142 812 2340 870 conf

261 896 483 968 vertit.
557 900 623 970 Ο
667 902 963 968 Deorum
1001 888 1378 960 ludibrium!
1421 912 1552 959 erat
1588 888 1814 960 eadem
1851 896 2118 978 mulier,
2160 924 2302 998 quae

259 994 421 1066 mihi
459 996 667 1090 pridie
703 996 771 1064 in
809 998 1109 1064 Fortunae
1147 990 1396 1084 templo
1432 984 1810 1062 confuderat
1847 1016 2172 1076 mentem,
2230 1024 2304 1070 ac

249 1094 491 1164 deinde
513 1096 581 1166 in
609 1090 1035 1192 Olympionis
1057 1090 1290 1184 nuptiis
1314 1144 1334 1174 ‚
1358 1086 1574 1158 nescio
1592 1112 1780 1184 quam
1800 1116 2010 1166 auram
2032 1090 2304 1168 felicita-

255 1196 339 1264 tis
365 1192 625 1264 liberali
647 1192 859 1264 fronte
875 1188 1237 1286 spiraverat.

359 1296 539 1380 Qis
563 1296 849 1362 animum
875 1314 1085 1360 meum
1112 1288 1410 1384 pingeret
1434 1330 1454 1364 2
1498 1286 1690 1382 qualis
1708 1288 1772 1358 in
1797 1292 2162 1364 Anemonis
2190 1320 2298 1364 cu..

245 1390 481 1462 biculo
509 1386 677 1462 fuit?
725 1388 1001 1460 haerebat
1035 1372 1690 1482 ambigualaetitiasus
1810 1386 1904 1458 sus
1926 1436 1950 1470 ‚¹
1986 1396 2050 1460 &
2094 1394 2310 1464 turba-

241 1512 349 1558 tas
389 1490 817 1582 inexpetffiito
847 1486 1122 1584 negotio
1157 1486 1322 1552 vires
1348 1506 1474 1550 non
1494 1480 1638 1550 satis
1674 1412 1922 1558 miter
1942 1494 2304 1564 revocabat.

247 1586 449 1658 Illud
483 1608 699 1654 tamen
723 1586 1035 1680 praecipue
1071 1582 1414 1663 timebam,
1456 1604 1540 1652 ne
1572 1582 1748 1678 quod
1768 1610 2206 1682 argumentum
2244 1620 2314 1662 a..

245 1684 475 1756 moris
529 1686 937 1754 convinceret
991 1678 1292 1750 frontem.
1368 1682 1698 1750 Caeterum
1752 1684 2050 1778 pridianae
2098 1692 2314 1760 noffis

247 1780 593 1856 molestiis
619 1780 740 1850 hoc
763 1778 1189 1878 spetffhicnlum
1209 1782 1332 1872 jam
1356 1778 1518 1850 bene
1554 1778 1814 1860 emisse,
1854 1782 1986 1876 jam
2018 1786 2084 1854 in
2118 1782 2324 1858 felici-

247 1884 417 1952 tatis
455 1902 715 1976 portum
757 1906 871 1978 per
901 1880 1277 1950 turbulentae
1312 1880 1522 1967 110st
1570 1880 2020 1976 tempestatem
2082 1884 2320 1958 venisse

249 1980 605 2052 credebam
627 2028 647 2060 ,
685 1982 815 2070 jam
837 1980 1105 2076 agebam
1125 1982 1350 2076 gratias
1370 1978 1622 2049 libidini
1645 2004 1844 2058 mex,
1888 2008 2028 2080 quae
2050 1984 2116 2052 in
2138 1986 2318 2056 illam
2397 1997 2416 2022 ‘

255 2082 595 2152 mulierem
617 2128 639 2164 ‚
665 2080 861 2150 veluti
885 2076 1193 2158 consilia,
1227 2080 1576 2148 inclinarat.
1638 2080 1762 2152 Sed
1782 2084 1848 2148 &
1874 2084 2140 2164 mulier,
2178 2088 2316 2156 vel..

263 2182 359 2248 uti
381 2180 651 2276 quodam
675 2178 969 2248 monstro
991 2172 1267 2260 confusa,
1292 2178 1450 2246 nihil
1474 2176 1584 2248 nisi
1608 2202 1712 2250 me
1728 2178 2112 2254 intuebatur.
2158 2186 2310 2282 Ego

263 2305 445 2349 more
475 2276 843 2379 gentisusus
865 2276 1045 2369 sum3
1087 2285 1147 2349 &
1173 2275 1474 2347 humilem
1504 2280 1746 2349 vultum
1768 2278 1844 2349 ab
1859 2278 2084 2351 osculo
2122 2288 2306 2379 palla:

267 2379 345 2448 ad
383 2402 733 2449 matronam
773 2377 1031 2455 sustuli,
1069 2385 1133 2447 δε
1163 2375 1582 2445 titubantibus
1628 2377 1836 2447 verbis
1880 2403 2302 2451 communem

269 2477 533 2571 quidem
565 2477 1025 2547 humanitatem
1063 2477 1378 2569 explicui3
1440 2495 1734 2543 caeterum
1795 2477 1978 2543 omni
2034 2497 2190 2545 nutu
2240 2485 2314 2547 &-

275 2573 507 2645 furtiva
541 2577 863 2645 oculorum
901 2577 1177 2647 mollitie
1203 2597 1384 2643 meus
1406 2597 1582 2641 arnor
1604 2569 1748 2641 satis
1788 2573 2180 2671 intelligenti
2210 2577 2318 2643 lo-

279 2671 611 2771 quebatur.
649 2673 799 2771 Jam
829 2699 955 2773 ego
991 2681 1410 2745 Anemonem
1446 2671 1814 2767 diligentius
1854 2671 2138 2753 ambire,
2181 2675 2312 2767 jam
2353 2712 2360 2716 ’

277 2769 625 2871 aequiffime
655 2767 1003 2869 superbiam
1043 2771 1241 2853 ferre,
1280 2774 1474 2841 etiam
1508 2795 1782 2867 quaerere
1814 2795 2142 2869 coeperam
2164 2801 2314 2845 mo-

273 2897 387 2955 ras,
417 2879 483 2945 8(
501 2873 569 2941 in
589 2897 673 2945 eo
691 2895 851 2943 voto
871 2871 1107 2973 defigi,
1135 2893 1201 2941 ut
1225 2895 1328 2943 me
1346 2873 1460 2941 illo
1482 2871 1584 2941 die
1604 2871 1898 2943 invitaret
1920 2873 1996 2943 ad
2020 2899 2304 2945 coenam.

263 2973 391 3045 Sed
429 2975 559 3063 jam
595 2967 745 3043 'satis
781 2971 1167 3043 indulserant
1199 2967 1364 3053 fata,
1404 2979 1468 3043 &
1492 2993 1752 3069 oportet
1772 2971 1912 3069 spes
1950 2976 2306 3041 amantium

261 3073 523 3169 longius
537 3071 733 3143 trahi.
801 3079 1029 3171 Itaque
1049 3069 1438 3169 consumptis
1456 3069 1758 3143 omnibus
1782 3073 1978 3141 moris
2000 3121 2024 3153 ,
2061 3068 2312 3139 excedo

267 3171 305 3241 ὲ
335 3171 629 3241 cubiculo
649 3169 947 3255 incestus,
969 3181 1033 3245 &
1059 3193 1304 3241 tantum
1328 3173 1392 3241 in
1412 3169 1590 3265 spem
1612 3167 1916 3239 redeundi
1942 3167 2192 3237 vivens.
2278 3182 2280 3187 '

265 3353 267 3355 ¹
375 3273 621 3367 Neque
657 3273 925 3341 multum
947 3293 1225 3343 moratus
1247 3269 1528 3339 hesterni
1564 3267 1810 3335 itineris
1846 3263 2112 3363 vestigia
2148 3267 2309 3339 telet-

255 3369 375 3469 gi,
413 3375 485 3439 δι
525 3373 593 3439 in
627 3373 927 3441 exteriori
949 3369 1288 3445 Doromist
1324 3367 1490 3439 atrio
1523 3367 1704 3461 coepi
1740 3389 1882 3435 cum
1904 3367 2145 3437 caeteris
2196 3393 2310 3439 ex-

198 3561 203 3565 .
259 3469 531 3565 peetare
551 3513 575 3548 ‚
611 3467 759 3539 dum
775 3473 891 3541 iile
913 3473 991 3543 ad
1013 3467 1449 3567 Protagonem
1470 3467 1698 3537 exiret.
1748 3467 1840 3537 Et
1864 3487 2006 3535 curn
2028 3467 2310 3565 aliquan..

251 3569 373 3638 diu
409 3593 647 3669 vagus,
687 3571 891 3641 modo
925 3573 1003 3641 de
1037 3565 1376 3643 Doromili
1414 3565 1746 3663 potentia,
1782 3563 1980 3635 modo
2022 3566 2104 3637 de
2132 3572 2312 3637 Ane-

245 3671 473 3743 monis
497 3693 697 3743 uxore
719 3667 1099 3771 cogitassem
1121 3715 1143 3751 ‚
1181 3665 1348 3739 forte
1370 3665 1568 3739 incidi
1604 3665 1672 3735 in
1694 3664 1868 3735 illurn
1892 3713 1914 3751 ,
1954 3667 2064 3767 qui
2104 3667 2310 3763 pridie

2197 3785 2303 3834 me
