2738 4475
910 209 968 284 l·
1069 235 1116 285 A
1216 233 1270 288 R
1369 233 1406 284 8
1523 215 1560 285 Ι
1578 214 1671 287 V.
2144 213 2311 312 '537'

258 328 402 430 quis
417 345 587 400 utor.
648 325 834 427 Bigae
854 351 940 399 ne
956 375 982 412 ‚
1004 323 1254 420 subjicit
1272 329 1527 424 Coepio
1543 374 1566 409 ‚
1605 351 1685 398 an
1701 320 2023 439 quadrigar
2044 323 2308 402 rhedam

263 430 431 501 hanc
446 426 757 501 trabunt?
791 428 939 525 Jam
981 422 1299 498 fastidium
1320 425 1752 524 indignationi
1773 424 2130 498 accesserat.
2181 429 2309 502 Sed
2373 493 2379 500 .

265 529 469 600 voluit
494 529 699 601 Mella
715 528 779 598 in
801 533 1010 598 totum
1031 525 1177 597 huic
1203 524 1402 597 scenae
1426 521 1735 595 sufficere.
1776 531 2003 623 Itaque
2025 523 2302 619 placide,

264 624 330 698 se
348 626 516 726 bigis
543 626 715 706 vehi,
737 625 920 697 dixit.
961 649 1140 706 ‚nam
1157 622 1494 724 quadrigas
1512 622 1637 694 illis
1657 621 1860 695 beatis
1885 673 1910 708 ‚
1949 623 2152 720 qualis
2176 648 2310 696 erat

269 727 554 823 Coepio‚
578 725 948 824 relinquere.
1007 725 1147 796 Dic
1163 745 1376 795 autem
1398 769 1423 805 ‚
1440 722 1650 819 inquit
1669 721 1919 820 Coepio
1933 767 1957 800 ‚
1999 724 2178 821 Regi
2197 745 2311 796 tuo

267 821 437 919 satpe
469 825 616 895 ades
642 828 669 892 P
758 825 853 896 uis
889 824 1026 919 agri
1058 822 1179 894 tibi
1200 819 1483 895 modus?
1521 845 1672 891 num
1696 820 1888 892 babes
1909 822 2000 891 tui
2020 822 2170 913 juris
2193 848 2314 921 op-

270 922 541 1019 pidanor
560 922 590 994 ?
610 922 715 996 Ad
781 946 871 996 aec
894 922 1092 994 Mella
1114 921 1280 1021 pene
1304 917 1581 1017 profeffo
1603 917 1909 1002 risu‚nihil
1927 919 2096 992 aliud
2117 947 2320 1020 quam,
2397 944 2408 956 ”

272 1019 341 1090 se
358 1021 662 1113 majorum
678 1017 964 1094 fortunas
985 1022 1073 1092 ita
1093 1023 1316 1121 regere
1332 1043 1416 1091 ne
1433 1039 1535 1090 aut
1553 1019 1682 1089 illis
1700 1019 2029 1105 dedecori,
2049 1042 2151 1092 aut
2166 1023 2307 1095 exi·
2375 1035 2384 1064 ³

271 1121 369 1190 tio
396 1119 664 1217 posteris
700 1122 901 1193 vivat.
978 1128 1220 1193 Iterum
1307 1121 1368 1189 ui
1398 1118 1589 1190 annui
1607 1115 1825 1190 census
1843 1117 2039 1191 effent
2055 1120 2304 1218 impor-
2342 1143 2367 1164 ¹*

264 1240 418 1290 tuna
432 1216 763 1294 sedulitate
899 1241 1033 1290 atus
1053 1263 1076 1298 ‚
1096 1220 1260 1292 dixit
1325 1244 1400 1288 os
1420 1216 1531 1289 fibi
1549 1263 1574 1299 ‚
1609 1223 1678 1290 δι
1707 1217 2025 1292 interdum
2044 1222 2298 1302 amicis,

264 1314 577 1393 sufficere.
630 1321 812 1394 Hine
855 1344 893 1389 e
911 1317 1164 1392 divitias
1187 1314 1585 1415 potiffimum
1605 1317 1842 1389 metiri.
1873 1318 1999 1391 Sed
2023 1342 2169 1391 cum
2189 1320 2308 1391 ob·

262 1419 361 1487 rui
379 1439 482 1488 tot
548 1418 955 1489 uaestionibus
974 1417 1242 1488 taederet
1257 1461 1282 1497 ‚
1329 1412 1591 1486 tandem
1609 1440 1765 1488 onus
1789 1415 2213 1516 respondendi
2234 1420 2306 1489 in

263 1445 739 1612 cupidiffimum
761 1515 1166 1610 Caepionem
1206 1514 1468 1606 rejecit,
1523 1516 1849 1615 coepitque
1885 1527 2310 1616 rogare-quot

262 1611 639 1683 domesticis
660 1612 740 1683 ad
757 1606 1088 1686 familiaria
1103 1608 1408 1711 obsequia
1427 1632 1871 1694 uteretur‚tum
1892 1616 1973 1688 de
1994 1640 2307 1713 equorum

263 1733 563 1797 numero,
587 1716 652 1782 &
670 1735 862 1812 quam
883 1707 1035 1782 esset
1054 1713 1121 1782 in
1140 1713 1276 1783 aula
1293 1710 1628 1810 gratiosus.
1664 1718 1817 1785 Nee
1836 1716 1947 1785 ille
1966 1715 2047 1787 de
2073 1713 2135 1786 se
2157 1739 2308 1786 mo-

247 1806 549 1879 deratior
566 1865 587 1892 ,
630 1836 826 1908 quam
861 1811 928 1882 in
945 1811 1103 1883 alios
1129 1810 1429 1909 prudens.
1499 1812 1628 1885 Sed
1644 1813 1963 1910 praecipue
1987 1813 2068 1885 de
2085 1812 2308 1885 studiis

250 1908 418 1978 aulae
458 1909 618 2007 egit.
714 1917 1061 1983 Procerum
1113 1911 1354 1983 multos
1407 1911 1871 2007 ineptiffimum
1905 1935 2107 2011 genus
2140 1908 2266 1983 effe
2286 1939 2310 1984 r

231 2011 412 2082 ·Hos
444 2001 508 2078 se
550 2033 688 2079 non
720 2009 998 2080 multum
1033 2006 1304 2106 operosa
1335 2009 1685 2082 calliditate
1701 2032 1966 2082 tenere:
2008 2012 2166 2081 alios
2184 2007 2305 2084 sue.

249 2100 650 2179 fortitudinis
670 2108 876 2208 gloria
896 2109 1088 2204 eapi;
1139 2107 1271 2199 jam
1307 2107 1405 2177 bis
1440 2109 1617 2181 enim
1655 2106 2042 2181 destendiffe
2074 2110 2140 2181 in
2161 2133 2303 2183 are·-

251 2229 408 2280 nam
434 2233 455 2278 2
507 2207 664 2278 alios
698 2205 903 2307 gratia
937 2230 1062 2306 qua
1080 2205 1248 2304 apud
1269 2206 1635 2305 Principem
1651 2207 1938 2281 valerent
1958 2207 2294 2296 addufios,

254 2304 566 2406 quicquid
588 2308 655 2377 in
675 2311 766 2379 eis
786 2306 970 2380 estin
987 2306 1286 2378 amicitiae
1311 2308 1596 2403 precium
1621 2305 1938 2403 polliceri.
1989 2308 2304 2406 Stupebat

251 2409 568 2477 attonitus
604 2406 806 2478 Mella
829 2450 853 2487 ‚
889 2424 1081 2477 tantae
1107 2406 1454 2477 dementiae
1472 2404 1667 2476 verba
1686 2405 1801 2476 nisi
1822 2410 1860 2475 ἒ,
1879 2404 2115 2477 furioso
2130 2404 2305 2503 poss'e

249 2501 522 2576 effundi.
595 2504 838 2576 Taedio
871 2505 1066 2604 igitur
1099 2504 1167 2574 in
1202 2501 1694 2574 admirationem
1710 2558 1731 2584 ,
1775 2510 1841 2574 &
1872 2505 2299 2600 voluptatem,

249 2600 470 2684 verso,
486 2599 717 2675 instare
738 2603 935 2675 acrius
957 2603 1192 2701 capit,
1223 2609 1290 2676 δε
1318 2600 1546 2701 sponte
1566 2620 1854 2673 ruentem
1876 2654 1897 2685 ,
1920 2625 2032 2698 per
2051 2599 2301 2672 insanas

256 2698 649 2801 quaestiones
670 2702 1082 2800 praecipitare.
1144 2705 1339 2775 Forte
1354 2699 1611 2774 modica
1630 2699 1808 2799 quies
1828 2721 1959 2771 erat
1979 2744 2010 2785 ‚-
2030 2721 2305 2800 utroque

251 2798 404 2900 post
427 2820 528 2870 tot
555 2798 971 2891 deliramenta
995 2801 1059 2871 in
1077 2799 1395 2874 silentium
1418 2797 1778 2898 composito
1795 2847 1821 2882 ,
1854 2823 2001 2873 cum
2025 2802 2302 2902 Cupio,

253 2922 562 2999 tanquam
583 2902 707 2972 acri
731 2897 1032 2973 subeunte
1057 2901 1402 2985 memoria,
1442 2901 1796 2972 exclamat:
1858 2906 1952 2971 At
1971 2925 2161 2998 quam
2229 2926 2310 2971 u-

248 3021 348 3071 tas
372 3003 602 3098 ingens
624 2997 748 3072 effe
767 2996 1035 3074 ferarum
1058 2998 1435 3073 defiderium
1459 2999 1715 3071 canibus
1740 2999 1902 3070 meis
1926 3002 2156 3072 i‘Nam
2226 3022 2305 3069 oa

255 3101 434 3170 vetui
468 3102 538 3170 in
575 3097 817 3197 sylvam
857 3125 964 3174 me
999 3097 1262 3172 absente
1302 3098 1586 3198 produci.
1645 3097 2014 3195 Accipitres
2045 3095 2307 3193 quidem

258 3195 391 3287 jam
408 3188 772 3293 opportune
788 3197 1024 3272 cessant
1046 3255 1070 3283 ,
1094 3197 1470 3271 abeuntibus
1493 3197 1612 3268 hac
1628 3192 2208 3293 annitempestate‚
2237 3205 2307 3270 δε

258 3295 329 3366 in
385 3292 836 3368 successionem
884 3294 1357 3369 renascentibus
1412 3296 1664 3393 pennis.
1750 3297 1901 3367 Nec
1935 3294 2311 3393 interposita

116 3416 119 3420 ’
261 3418 471 3468 mora.
534 3395 666 3465 Sed
704 3397 836 3489 jam
874 3395 1080 3468 fleffit
1117 3398 1182 3468 in
1208 3394 1536 3494 vesperum
1558 3393 1736 3477 dies,
1779 3392 2033 3492 inquit3
2075 3400 2307 3495 Papael

257 3515 367 3564 me
405 3494 538 3584 jam
576 3492 684 3563 diu
708 3496 920 3565 Princi
971 3495 1212 3568 iadess'e
1232 3494 1571 3593 oportuit·²
1610 3492 1817 3563 babeo
1833 3495 2310 3595 objurgatorem

256 3589 513 3662 desidia:
548 3636 569 3668 2
616 3591 790 3689 quod
824 3595 886 3663 in
926 3522 1049 3664 lice
1076 3596 1236 3666 lucis
1261 3593 1679 3693 protraxerim
1703 3588 2049 3666 absentiam
2074 3620 2311 3669 meam.

253 3691 385 3763 His
425 3690 621 3763 dietis
644 3693 819 3765 velut
842 3694 1048 3766 altiori
1073 3695 1454 3866 amplexffln
1478 3691 2005 3887 procumbentem
2026 3696 2305 3863 ΜξιΙιΙέἰιιῘ
