2738 4475
945 147 1710 233 PansIII.
2180 155 2327 260 29'7

294 276 418 353 ait.
465 272 638 372 Qs
667 293 867 374 neget
899 272 1188 346 civilium
1219 299 1431 346 rerum
1468 271 1653 346 aestus
1691 275 1825 346 illic
1861 270 1941 345 ad
1978 273 2345 376 Orbisspe4

298 381 618 451 &aculum
654 375 933 447 eximios
970 369 1184 454 fuisse,
1211 375 1393 446 inter
1425 394 1560 445 tam
1602 376 1831 448 vicinae
1852 381 1919 449 &
1941 369 2205 462 diversae
2231 402 2353 473 po-
2458 461 2463 470 .

295 481 523 550 tentiae
537 477 713 546 vices
731 471 981 571 semper
999 501 1113 572 per
1130 472 1416 545 turbines
1440 482 1506 546 &
1530 473 1985 572 tempestatem
2006 478 2348 548 exeuntis?

295 579 496 651 ltalia
523 577 802 650 virorum
841 576 1213 673 Principum
1247 574 1536 656 victoriis
1574 573 2041 674 occupataest,
2083 597 2204 645 nec
2228 575 2359 664 mif

311 675 573 747 notibus
600 675 788 745 armis
825 670 1062 744 amiffa.
1118 674 1397 746 Eximiae
1434 696 1532 744 res
1575 673 1881 773 Ligurum
1903 685 1935 754 ‚‘
1968 682 2034 746 δι
2079 679 2359 774 Longo-

315 775 538 847 bardia
586 769 759 846 ferox
812 770 1106 844 felicibus
1141 773 1353 845 bellis.
1417 775 1621 871 Super
1657 775 1878 846 omnia
1918 778 2356 872 Imperatores

318 873 581 972 quidam
612 893 786 944 vetus
825 897 1067 946 nomen
1086 925 1105 951 ‚
1137 893 1323 950 *vetus
1343 867 1692 969 auspicium
1717 873 1922 943 veteri
1939 898 2196 971 quoque
2216 898 2361 956 amf-

316 973 457 1045 bitu
494 979 561 1044 &
598 974 832 1045 militia
872 968 1255 1070 implebant.
1324 971 1455 1043 Sed
1492 993 1626 1042 tam
1667 972 1844 1070 gravi
1885 973 2358 1071 multiplicique

308 1073 595 1172 procella
628 1073 772 1170 plus
813 1072 1072 1145 terroris
1115 1071 1465 1168 prudentiae
1488 1075 1961 1143 Marcianorum
1981 1097 2173 1170 quam
2192 1073 2361 1144 cala·

311 1161 560 1247 mitat‘is
593 1168 872 1243 infusum
906 1172 1027 1245 est.
1081 1178 1203 1243 Per
1232 1190 1336 1242 tot
1371 1170 1620 1243 mala&
1642 1168 2012 1244 servitutem
2035 1172 2240 1250 Orbis
2261 1171 2362 1243 so-

311 1270 458 1369 spes
494 1267 928 1369 Respublica,
966 1281 1032 1346 &
1072 1269 1447 1369 ingentibus
1466 1269 1824 1342 inimicitiis
1842 1268 2145 1369 superstes
2167 1326 2190 1358 ,
2227 1297 2365 1358 non

189 1383 202 1390 '
314 1370 680 1445 mirabilior
713 1374 989 1465 imperio
1022 1396 1213 1468 quam
1252 1368 1551 1442 libertate
1585 1364 1722 1441 fuit.
1778 1371 2116 1462 Hancsive
2141 1361 2368 1443 mode-

313 1472 574 1541 ratione
611 1465 911 1551 storum,
948 1467 1074 1539 sive
1118 1467 1321 1566 rigida
1358 1465 1639 1544 custodia
1672 1467 2097 1542 institutarum
2120 1472 2366 1570 legum,

321 1569 505 1639 nulla
520 1566 811 1661 tyrannis
832 1564 1165 1637 delibavit.
1199 1569 1496 1638 Gentem
1516 1592 1775 1664 quoque
1789 1568 2115 1656 barbaram
2133 1581 2197 1656 δι,
2223 1593 2367 1675 quar

324 1663 423 1737 sui
464 1662 771 1761 ponderis
788 1665 979 1736 ‘ruina
995 1666 1072 1737 ad
1092 1663 1298 1737 nostra
1318 1667 1536 1738 littora
1559 1668 1899 1765 provoluta
1913 1664 2008 1738 est
2026 1715 2052 1749 ‚
2085 1668 2375 1758 lacessete

325 1764 441 1837 diu
480 1759 625 1833 ausa
647 1808 668 1842 ‚
701 1762 960 1836 tandem
995 1766 1192 1863 aequis
1228 1760 1579 1838 foederibus
1618 1768 1963 1842 continuit.
2022 1768 2193 1853 Quis
2231 1789 2375 1860 tanq

319 1887 462 1936 tam
510 1863 928 1934 clementiam
965 1859 1241 1935 fatorum
1262 1912 1286 1948 ‚
1318 1890 1463 1966 quae
1499 1865 1739 1966 dignos
1781 1863 1904 1937 suis
1922 1863 2382 1938 beneficiisin-

317 1981 642 2035 venerunt
673 2017 694 2043 ,
751 1964 917 2060 aptis
951 1965 1297 2060 praeconiis
1333 1965 1629 2063 adaequet
1659 1970 1688 2040 ?
1755 1968 1936 2039 Nam
1976 1968 2378 2062 opulentiam

321 2063 611 2135 civitatis
646 2069 713 2134 δι
752 2063 1162 2162 prudentiam
1187 2071 1446 2136 Parrum
1466 2064 1590 2135 erit
1609 2061 1856 2136 facilius
1877 2067 2087 2156 mirari
2104 2110 2163 2160 ²..
2186 2091 2381 2164 quam

323 2163 541 2257 jejuna
582 2166 650 2235 δι
685 2162 917 2261 impari
953 2160 1326 2234 laudatione
1365 2162 1586 2235 libare.
1641 2164 1993 2236 Tamen&
2016 2187 2232 2249 natura
2258 2164 2392 2237 suis

329 2263 532 2334 naevis
567 2259 1064 2359 pulcherrimum
1078 2287 1320 2362 corpus
1340 2261 1593 2362 aspersit
1610 2320 1632 2349 ,
1678 2273 1743 2353 ἃς
1764 2266 1839 2336 iis
1865 2258 2119 2338 fortass'e
2139 2265 2382 2366 aliquid

327 2362 410 2433 ad
427 2360 900 2434 incrementum
917 2359 1270 2459 respublica
1292 2358 1588 2463 profecit.
1633 2369 1653 2404 ¹
1683 2368 1833 2438 Nec
1851 2367 2030 2441 enim
2046 2368 2254 2463 Syllas
2274 2366 2386 2457 vel

331 2461 590 2533 Marios
614 2504 636 2538 ‚
669 2461 834 2554 apud
866 2464 1165 2557 Pompeii
1200 2461 1717 2562 magnitudinem
1740 2508 1763 2543 ‚
1801 2472 1868 2534 δι
1895 2464 1973 2533 ad
1992 2461 2165 2533 suum
2184 2459 2385 2535 satum

339 2577 613 2657 gentem
651 2559 886 2648 juliam
917 2558 1206 2645 invenit,
1240 2567 1390 2660 quia
1423 2562 1515 2633 ibi
1556 2560 1682 2633 five
1701 2560 1931 2659 sponte
1953 2562 2075 2635 sive
2099 2560 2180 2633 fic
2202 2560 2388 2634 insti*

339 2678 495 2735 tuta,
524 2655 784 2751 ingenia
820 2657 953 2727 vim
986 2658 1366 2756 legummon
1405 2687 1574 2761 aegre
1598 2663 1955 2759 patiuntur,
1996 2669 2060 2735 δι
2081 2660 2385 2734 humilius

347 2752 650 2853 spirantia
682 2778 876 2852 quam
909 2774 979 2825 ut
1012 2753 1331 2858 fastigium
1350 2765 1636 2860 quatiant
1654 2786 1860 2834 rerum
1880 2809 1902 2843 ‚
1953 2761 2212 2855 aestum,
2303 2789 2388 2835 uo

340 2855 687 2959 plurimum
737 2851 988 2952 poflhnt
1017 2911 1042 2941 ,
1096 2857 1168 2928 in
1205 2864 1567 2933 communis
1606 2865 1916 2960 potentiae
1954 2863 2147 2933 decus
2185 2792 2393 2935 inpor-

339 2977 543 3029 mant.
601 2954 928 3052 Equidem
962 2955 1347 3032 crediderim
1384 2986 1462 3031 ex
1483 2966 1681 3060 genio
1696 2964 1911 3061 gentis
1935 2958 2250 3057 descripta
2266 2959 2394 3053 effe

341 3054 519 3147 jura,
549 3055 699 3152 quia
736 3073 839 3126 tot
872 3051 1112 3127 saeculis
1152 3083 1509 3154 perennant
1553 3087 1571 3130 ε
1613 3066 1768 3160 ‘quae
1799 3056 2119 3130 summota
2152 3083 2394 3156 pompa

346 3177 482 3224 non
500 3153 811 3225 ambitum
828 3153 1028 3225 modo
1045 3203 1067 3236 ,
1086 3154 1195 3230 sed
1215 3155 1499 3257 sumptus
1523 3206 1547 3243 ,
1569 3168 1632 3231 δε
1657 3184 1767 3253 per
1784 3156 1911 3226 hoc
1932 3157 2217 3251 inopiam
2242 3184 2397 3255 pro-

340 3247 746 3351 scripserunt.
811 3251 1113 3329 Vestium
1170 3254 1510 3329 ambitiosa
1546 3260 1789 3355 pretia,
1828 3263 1894 3327 δε
1935 3255 2154 3327 inanes
2189 3261 2400 3331 comi·

408 3472 434 3505 ι
471 3460 571 3505 Νη
595 3449 901 3520 enimsssas,
935 3458 1006 3504 vel
1034 3458 1199 3506 Marios
1220 3488 1238 3511 ,
1268 3470 1343 3507 ant
1408 3457 1587 3506 Marius
1619 3453 1809 3522 quidem
1839 3455 1965 3521 syuae
1995 3455 2245 3508 ambitioni
2259 3458 2400 3509 forti-

332 3524 532 3590 Pompeii
544 3520 914 3591 magnit-dium,
930 3522 1345 3587 &adstas-”farum
1402 3537 1473 3573 ter
1487 3522 1653 3574 restitit
1674 3520 1849 3586 semper
1864 3556 1885 3581 ,
1917 3537 1967 3573 ut
1985 3528 2033 3574 δε
2048 3529 2295 3592 Pompeius
2319 3530 2403 3595 Ju-

357 3605 500 3640 eneem
518 3593 676 3640 uliae·
688 3591 906 3653 inmania]
938 3589 1188 3642 Hiscilieet
1203 3593 1345 3645 variis
1407 3594 1479 3641 lio
1507 3589 1675 3642 Caesari
1695 3624 1711 3647 ‚
1741 3591 1819 3654 qui
1847 3604 2006 3642 tamen
2038 3596 2288 3660 imperium
2315 3595 2402 3647 fibi

349 3656 646 3709 editionibus
675 3674 730 3709 ac
757 3659 1043 3710 tumultibus
1075 3674 1223 3727 remp.
1250 3666 1352 3710 Ro·
1404 3657 1597 3725 subjecit
1612 3660 1935 3726 magnitudine
1950 3662 2342 3730 Pompcjifraaa.

322 3743 529 3783 mamm
546 3724 833 3783 misatetunt
851 3724 929 3797 spe
956 3726 1268 3788 dominaturi
1300 3728 1350 3778 &
1376 3694 1385 3789 l

1867 3802 1911 3849 Τ
1950 3813 1973 3863 5
2218 3809 2240 3841 ι
2279 3800 2405 3838 tenu
