2738 4475
789 291 1493 374 PaRsV0
1984 294 2143 388 645

181 419 355 482 Initio
386 420 639 479 nondum
668 431 917 478 maturus
950 418 1113 478 dolor
1129 419 1239 479 leni
1254 420 1429 480 tractu
1445 419 1511 477 ad
1527 415 1787 496 requiem·
1800 415 1990 474 fertur.
2028 415 2126 493 qui

93 503 191 561 ubi
206 501 480 580 frangitur
496 498 647 557 velut
665 498 865 557 fluvius
882 499 1297 558 occurrentibus
1308 497 1450 557 saxis
1462 533 1480 557 2
1513 515 1610 572 per
1641 497 1910 576 angustias
1923 495 2128 551 elueta·

94 583 404 639 tusexcitat
421 577 527 635 sese
544 617 561 643 ‚
598 581 653 636 &
668 579 779 647 jam
797 575 1067 635 dissimilis
1084 577 1216 643 fibi,
1257 579 1312 635 δι
1339 578 1402 634 in
1435 578 1693 635 torrentis
1729 574 1966 631 modum
2007 573 2136 629 vio·

93 659 305 723 lentus,
336 660 393 715 in
408 657 642 713 alienam
658 657 962 732 perniciem
997 674 1094 731 per
1127 655 1399 734 malignos
1429 653 1680 713 tranfitus
1709 651 1951 732 promit,
1979 669 2125 708 caeco

91 740 309 813 impetu
328 775 344 800 ,
383 739 438 793 δι
452 734 697 792 tumultu
715 735 989 810 impacato
1006 733 1267 793 obstantia
1280 751 1513 812 quaeque
1529 735 1844 791 convellens
1862 751 1875 786 ε
1919 733 2002 790 δί,
2026 727 2133 786 uia

93 817 341 876 vincitur
354 852 371 878 ,
388 814 576 870 vincit.
621 816 742 870 Hoc
758 814 998 896 agitatur
1012 812 1225 891 Aglaia,
1240 813 1443 891 pacatis
1455 812 1699 888 primum
1720 809 1976 869 fluetibus
1993 829 2007 863 ι
2025 807 2133 864 ubi

93 891 555 971 tranquillitatem
571 890 781 970 fregere
798 893 946 951 venti
963 932 980 959 ,
1021 906 1116 949 aut
1141 893 1305 950 obvia
1327 909 1490 968 rupes
1516 892 1578 949 in
1595 890 1801 949 turbidi
1831 888 1998 946 maris
2014 883 2132 962 spe-

93 976 245 1031 ciem
263 970 441 1029 volvit
452 988 613 1048 aquas
626 1009 645 1035 ,
683 973 739 1028 δι’.
766 972 967 1030 occisas
981 969 1095 1047 spes
1111 972 1170 1029 in
1186 970 1472 1029 tumulum
1490 967 1674 1026 secum
1689 981 1742 1026 tr
1940 973 2140 1022 trucu·'

93 1051 242 1109 lenta
277 1049 551 1108 celeritate
582 1045 935 1108 Machimum
965 1048 1145 1107 adhuc
1180 1049 1342 1107 suum
1372 1048 1533 1123 injus
1547 1059 1734 1111 vocat.
1768 1067 1842 1125 po
1891 1044 2006 1101 ulat
2024 1062 2130 1099 no-

94 1148 230 1187 men
245 1131 358 1205 ejus
371 1128 543 1204 recipi
563 1165 581 1193 ‚
597 1126 711 1185 edit
730 1125 1187 1208 subscriptionem
1204 1165 1223 1190 ,
1252 1130 1309 1187 δε
1321 1124 1725 1186 accusationem
1743 1125 2041 1186 violentam
2055 1123 2125 1178 de

95 1209 179 1266 stu
222 1225 286 1264 ro
317 1218 522 1263 movet.

183 1226 382 1345 gratim
396 1286 634 1360 injecere
649 1282 867 1343 lictores
882 1283 1177 1344 Machimo
1195 1301 1431 1343 manum
1455 1306 1470 1342 ι
1513 1283 1787 1361 &judices
1797 1282 1865 1340 de
1880 1278 2133 1338 tribuna·

97 1362 241 1421 libus
257 1363 589 1441 pendentes,
619 1362 751 1441 quia
779 1377 977 1454 praeter
1002 1382 1127 1420 eam
1160 1382 1284 1442 quae
1312 1363 1650 1422 accusaverat
1667 1364 1817 1420 testes
1832 1378 1943 1417 non
1956 1369 2130 1420 erant,

98 1441 171 1499 de
199 1457 384 1500 vetere
413 1442 666 1499 instituto
700 1441 1039 1516 Reipublicae
1067 1460 1163 1498 reo
1186 1441 1500 1499 concessum
1534 1444 1639 1506 est,
1669 1456 1732 1499 ut
1748 1438 2136 1498 innocentiam

98 1517 254 1578 suam
269 1519 452 1578 alieno
464 1518 647 1596 gladio
666 1530 934 1576 tutaretur
951 1542 969 1586 ς
1012 1520 1087 1582 δί,
1104 1516 1203 1576 nifi
1218 1520 1363 1577 intra
1381 1518 1575 1577 meniis
1591 1520 1896 1578 terminum
1913 1515 2134 1574 inveni-

98 1614 186 1656 ret
214 1599 466 1687 equitem
502 1597 604 1673 qui
644 1596 699 1653 se
732 1595 1084 1658 defenderet,
1117 1613 1180 1657 ut
1209 1599 1271 1656 in
1283 1598 1603 1656 convisium
1621 1597 1923 1656 secundum
1941 1594 2140 1672 patrias

97 1670 762 1817 leglessessgbrazffivlgbll'dge,
785 1772 854 1811 ne
868 1767 1052 1814 tenera
1069 1771 1245 1819 mens,
1262 1755 1571 1814 innocentis
1588 1749 1858 1830 supplicio
1871 1752 1938 1809 ad
1956 1750 2128 1826 pieta-

104 1844 227 1889 tem
275 1837 334 1891 &
385 1827 821 1890 misericordiam
848 1846 1138 1891 commota
1155 1874 1171 1899 ,
1212 1833 1428 1892 fraudes
1460 1833 1576 1893 suas
1608 1832 1889 1911 vulgaret3
1933 1828 2138 1905 placuit

108 1912 281 1968 etiam
302 1947 319 1972 ,
353 1907 614 1995 sanguine
644 1928 772 1967 meo
804 1910 1078 1969 maculare
1108 1911 1307 1970 ferinas
1338 1931 1568 1977 manus,
1605 1930 1812 1988 perque
1837 1905 2140 1968 conduCtos

103 1989 356 2066 quiante
370 2002 425 2045 te
442 1993 636 2064 fugere
650 1987 867 2046 ficarios
882 2023 915 2049 ‚t
938 1989 1258 2048 insidiarum
1277 1990 1496 2049 suarum
1517 1989 1696 2048 solum
1713 1990 1902 2046 testem
1935 1981 2145 2042 subfra-

97 2066 234 2124 here
257 2067 593 2123 innocentiae
609 2066 915 2132 Machimi‚
944 2070 1047 2145 qui·
1077 2087 1173 2145 per
1204 2082 1260 2127 te
1292 2070 1430 2127 licet
1456 2070 1514 2125 in
1543 2065 2139 2130 meliorem-fortunam

101 2142 452 2281 ls'ur1·e¹65turus
468 2144 545 2201 est
560 2182 578 2209 ,
606 2145 646 2203 fi
661 2144 1059 2224 generofiffimi
1077 2147 1320 2205 hominis
1334 2145 1564 2205 saltitem
1585 2147 1699 2204 mei
1715 2145 1910 2220 capitis
1924 2143 2141 2219 pericu-

125 2242 161 2279 ο
192 2242 254 2279 ve
278 2244 320 2281 is
351 2241 552 2280 emere.

186 2302 346 2359 Talia
358 2301 550 2359 divino
564 2300 761 2361 decore
779 2301 1099 2360 venerabilis
1114 2301 1419 2361 adolescens
1433 2302 1692 2360 Chloridi
1724 2299 1972 2358 narrabat
1986 2338 2002 2362 ,
2038 2296 2143 2354 illa

111 2380 279 2439 mihi.
340 2381 509 2437 Nunc
526 2397 655 2436 vero
673 2419 689 2444 ,
723 2398 847 2457 quae
864 2380 979 2438 vidi
994 2380 1107 2457 ipsa
1125 2418 1141 2440 .
1171 2380 1271 2438 sub
1293 2380 1535 2457 Apolidis
1553 2382 1784 2436 nomine
1799 2379 1982 2456 paucis
1996 2377 2139 2433 acci-

108 2460 229 2536 pite
244 2494 262 2518 ,
281 2476 351 2515 ne
366 2454 685 2532 suspendam
703 2457 913 2514 diutius
929 2460 1289 2534 cupiditatem
1309 2462 1561 2519 vestram,
1575 2463 1632 2516 δε
1651 2460 1884 2515 nimiam
1901 2455 2136 2513 auditio·

114 2538 201 2594 nis
216 2536 536 2609 patientiam
554 2534 736 2590 inutili
753 2532 1081 2611 loquacitate
1095 2535 1365 2612 frangam.
1962 2597 1966 2601 ,

193 2616 273 2669 Ut
289 2615 349 2672 in
372 2612 512 2668 hanc
526 2608 702 2667 calam
721 2630 851 2667 cum
872 2612 967 2668 illo
983 2610 1324 2670 adolescente
1337 2613 1489 2670 venit
1507 2612 1697 2688 Apolis
1713 2651 1728 2676 ‚
1746 2612 2001 2677 statimin
2021 2612 2141 2667 Ma·

109 2691 298 2748 chimi
322 2687 632 2745 libertatem
663 2690 907 2746 intentus
936 2690 1149 2747 familia
1164 2691 1342 2747 nostra
1357 2689 2036 2768 subsequenteTarentum
2056 2689 2144 2744 itr-

113 2768 367 2846 greditur
385 2804 402 2830 ,
433 2764 775 2841 suscepturus
790 2767 1099 2825 innocentis
1113 2767 1507 2827 defenfionem.
1550 2768 1944 2847 Affignatusest
1961 2769 2144 2844 itaque

114 2863 319 2923 pugnae
339 2843 491 2902 locus
508 2882 524 2907 2
553 2846 609 2902 &
624 2844 807 2903 educti
827 2845 888 2903 in
905 2863 1166 2922 campum
1188 2845 1317 2903 hinc
1334 2847 1518 2923 Apolis
1534 2885 1550 2910 ‚
1576 2848 1706 2904 inde
1735 2848 1942 2925 Aglaia.
2002 2847 2149 2903 Non·

110 2942 309 2981 omnes
349 2925 661 2981 Amazones
696 2921 935 2982 Phafidis
960 2924 1100 2999 ripas
1126 2924 1315 2983 colunt
1334 2964 1350 2989 ,
1380 2944 1479 2983 nec
1513 2927 1771 2983 intotum
1791 2926 2003 2983 vires&
2019 2924 2142 2980 ani·-

114 3022 242 3061 mos
259 3016 435 3059 mater
450 3016 642 3060 natura
656 3000 918 3060 muliebri
935 3001 1085 3061 sexui
1102 2999 1382 3062 subtraxit.
1415 3002 1686 3081 Plerisque
1702 3004 2009 3079 puellarum
2026 3015 2147 3057 tan-

104 3095 230 3138 tum
249 3079 691 3158 generofitatisin
708 3082 875 3139 corde
894 3119 910 3139 .
955 3095 1226 3157 quantum
1260 3080 1625 3159 sanguinis&
1655 3083 1880 3157 pudoris
1911 3080 1970 3135 in
2011 3095 2107 3134 ore
2128 3099 2152 3134 :-

108 3158 207 3217 ubi
225 3160 467 3217 maxime
482 3174 835 3218 contumaces
852 3161 910 3218 in
927 3178 1176 3216 amorem
1199 3172 1294 3217 aut
1306 3163 1500 3217 odium
1533 3160 1813 3236 zelotypia
1841 3155 2143 3214 succendit.

114 3237 318 3311 Saepius
335 3238 486 3294 enim
504 3236 621 3296 laesa
636 3239 856 3315 ingenia
872 3240 929 3298 in
949 3236 1258 3314 periculum
1280 3253 1394 3294 tam
1413 3238 1538 3295 ferri
1557 3236 1725 3315 quam
1745 3237 1965 3314 ignium
1989 3233 2141 3290 milit

110 3311 312 3374 derisus
344 3332 498 3371 amor
516 3354 533 3380 ,
560 3315 673 3391 ipfa
690 3316 877 3392 gloriae
891 3317 1209 3393 cupiditate.
1267 3317 1460 3373 Virtus
1476 3329 1664 3373 tamen
1689 3313 1784 3370 hic
1801 3315 1860 3371 in
1879 3325 2029 3389 parte
2043 3312 2151 3373 est»

107 3411 235 3472 quae
258 3410 373 3449 non
388 3393 592 3469 patitur
607 3397 959 3452 innocentem
978 3395 1187 3473 proteri
1205 3418 1222 3460 3
1265 3397 1319 3453 &
1336 3393 1522 3451 alienis
1537 3392 1749 3469 injuriis
1765 3392 1959 3472 gravis,
1976 3389 2138 3467 quid-

106 3469 485 3551 quid⁵obstat2
515 3470 705 3527 ultore·
725 3472 910 3548 gladio
937 3472 1250 3551 prosternit.
1309 3472 1442 3529 Cito
1468 3470 1791 3529 deformitas
1805 3470 2151 3545 exprimitur·

109 3549 273 3607 certis
289 3539 535 3605 sui'notis
550 3548 615 3603 ad
633 3549 1226 3610 imitationemfacilis:
1268 3549 1432 3608 ardua
1457 3569 1539 3607 res
1570 3548 2047 3625 estpulchritudo.
2083 3551 2142 3605 δε

109 3626 221 3703 ipsa
251 3626 470 3683 raritate
502 3623 739 3683 difficilis
756 3651 773 3695 3
804 3647 1091 3706 nunquam
1122 3628 1221 3687 nifi
1254 3627 1408 3686 lento
1437 3627 1722 3691 sermone,
1751 3631 1808 3686 δι
1838 3628 1905 3685 ab
1934 3625 2151 3685 humili

114 3705 262 3783 stylo
279 3702 586 3781 suscipitur.
643 3705 732 3761 Sic
763 3724 988 3783 quoque
1014 3708 1335 3766 communis
1364 3708 1540 3765 virtus
1569 3705 1985 3765 subtilicalamo
2000 3704 2146 3764 deli-

113 3799 270 3841 neata
289 3782 506 3841 invenit
522 3783 825 3861 imaginem
846 3783 926 3841 sui
947 3804 959 3840 ε
982 3785 1076 3843 ubi
1096 3804 1226 3843 vero
1244 3784 1347 3843 sese
1363 3786 1513 3844 ultra
1528 3783 1859 3844 miraculum
1876 3786 2014 3862 egit·
2031 3799 2152 3839 non

119 3861 283 3927 habet
314 3859 421 3923 nisi
455 3859 627 3921 vilem
645 3864 702 3922 δε
717 3858 1003 3922 sordidum
1016 3861 1234 3924 suarum
1254 3865 1483 3922 laudum
1504 3879 1840 3925 narratorem
1862 3891 1884 3934 ς
1922 3860 2157 3993 ωοιεὶἰε

1323 3945 1399 4001 Ss
1444 3962 1475 4022 3
2092 3950 2172 3995 ut
