2738 4475
436 222 585 319 664
949 225 1454 299 Eunaeum.
1503 228 2001 319 §arvium

444 343 804 411 recusaverat.
823 345 992 405 etiam
1012 349 1184 406 invito
1198 348 1447 405 Rollone
1461 387 1479 412 ‚
1493 347 1561 406 ad
1577 348 1845 408 amafium
1865 354 2100 430 inquam
2116 351 2256 414 suum
2273 396 2293 423 ,
2327 359 2522 422 anab

443 425 742 483 florentem
769 464 786 490 ,
801 427 859 483 in
879 426 1216 502 ultimisjam
1231 425 1375 484 olim
1391 425 1664 485 dilectum
1682 464 1701 489 ‚
1717 430 1965 508 conjuge
1982 434 2334 500 viduatumse
2345 437 2522 496 con·'

441 503 667 563 tulisset.
711 505 783 562 Et
801 506 1027 582 quidem
1045 505 1140 562 illa
1155 517 1314 563 tanto
1326 505 1524 562 ardore
1534 508 1755 565 videndi
1774 509 2051 586 Principis
2067 513 2477 583 intumuerat.

443 595 514 641 ut
531 581 787 660 neglesto
800 597 1180 641 matronarum
1198 584 1437 641 duarum
1454 587 1725 645 comitatu
1747 585 1913 644 solito
1927 627 1945 652 ‚
1962 593 2039 647 ad
2053 593 2488 669 conjugaliu-

444 659 540 720 stis
567 661 882 719 rumoribus
906 661 1200 719 advolaret.
1283 661 1570 738 Qoniam
1603 663 1895 741 praefectus
1905 667 2116 728 domus
2127 671 2474 729 Rollolnfle-

444 759 553 798 nus
571 738 735 799 fidem
751 739 899 797 suam
920 737 1160 816 Principi
1176 738 1375 798 multis
1389 743 1448 800 in
1467 743 1701 820 negotiis
1713 744 2045 820 approbatae
2064 786 2085 813 ,
2122 749 2210 807 nil
2239 751 2480 809 dubim&

448 818 709 895 Princeps
738 819 806 876 de
840 819 1195 894 impudicitia
1222 819 1479 898 conjugis
1497 859 1514 885 ,
1560 826 1618 881 δε
1665 824 1952 882 amoribus
1978 826 2227 889 illicitis.
2273 829 2489 906 cutisque

450 897 742 954 mendacio
761 894 928 956 fidem
943 896 1203 954 adhibere
1219 922 1240 966 3
1284 899 1433 975 Ergo
1461 901 1542 957 ira
1570 899 1828 959 accensus
1855 908 1914 962 δι
1947 905 2343 982 indignatione
2348 909 2501 983 jubet

452 977 705 1036 toxicum
737 975 854 1032 dari
871 978 993 1032 con·
1005 977 1102 1053 ugi
1116 1012 1135 1036 ‚
1154 972 1406 1053 cibisque
1419 975 1658 1042 misceri,
1678 982 1736 1038 δι
1750 980 1979 1056 quidem
1996 984 2503 1058 praetentiffimum5

449 1056 508 1112 ἃ
534 1072 606 1111 ne
633 1053 725 1111 illa
750 1054 810 1110 in
837 1072 947 1112 con
973 1056 1196 1131 peditum
1227 1051 1389 1112 suum
1425 1058 1655 1132 prodeat
1668 1097 1686 1122 ‚
1717 1061 1774 1116 Bt
1806 1061 1979 1117 verbis
1993 1061 2307 1120 adulatoriis
2319 1063 2501 1121 lenire

567 1143 623 1224 et
636 1137 690 1192 δι
705 1129 960 1266 emolliit-e
973 1132 1333 1192 constantiam
1350 1131 1505 1192 suam
1522 1173 1542 1201 ,
1564 1134 1961 1196 diversam-um
1987 1138 2041 1197 st·
2066 1141 2126 1198 in
2147 1140 2278 1198 villa
2290 1139 2493 1214 subm-2·

521 1229 589 1268 na
607 1224 828 1268 interim
851 1248 869 1274 ,
918 1225 1059 1270 ocet.

478 1334 485 1340 ,
533 1285 765 1348 Nullam
780 1287 1071 1365 haecjuffio
1088 1309 1303 1353 moram
1320 1293 1463 1372 paffa
1474 1293 1553 1353 est
1565 1335 1581 1361 ,
1601 1293 1816 1354 discedit
1828 1294 1857 1354 i
1872 1295 2119 1373 Principe
2131 1295 2305 1354 Rollo
2317 1335 2338 1360 ‚
2363 1295 2474 1357 do-

454 1383 554 1503 ῗέΐ
561 1368 2480 1532 33⁶3?ssssssthssiffiffiffssssffifflffiffimfflemss

457 1526 719 1584 Remotis
750 1525 945 1585 meniis
969 1529 1136 1585 enixe
1165 1545 1360 1590 exorat
1372 1531 1732 1608 petulantiam
1750 1533 1939 1599 suam,
1968 1531 2376 1593 &inscientiam
2391 1531 2484 1589 fibi

463 1602 713 1682 ignosci,
742 1603 946 1664 nullam
976 1606 1045 1663 de
1062 1625 1126 1663 ea
1140 1609 1286 1687 apud
1301 1611 1557 1668 reducem
1576 1610 1905 1687 Principem
1923 1613 2270 1670 mentionem
2284 1610 2460 1668 baberi
2477 1633 2498 1678 ς

464 1680 790 1741 adfuturum
818 1683 968 1742 enim
988 1686 1201 1762 postera
1216 1687 1472 1747 luceam
1484 1688 1764 1746 admonet.
1783 1721 1791 1738 ·
1822 1690 1928 1748 ma
1953 1690 2176 1749 facinus
2203 1689 2238 1747 ὲ
2265 1691 2360 1747 sua
2389 1708 2505 1747 me·

466 1764 652 1821 moria
667 1761 961 1821 deleturam
979 1762 1265 1823 oblivione
1281 1781 1538 1844 perpetua
1551 1804 1567 1829 ‚
1581 1763 1622 1822 fi
1636 1767 1818 1824 modo
1833 1769 1896 1825 in
1912 1771 2197 1844 posterum
2213 1769 2507 1825 meliorem

464 1838 692 1920 frugem
707 1843 1032 1919 conciperet.
1071 1841 1344 1901 Officiofis
1356 1843 1496 1903 hisce
1506 1844 1852 1902 sermonibus
1865 1846 2071 1905 horam
2116 1861 2299 1906 totam
2318 1847 2510 1904 tradu-

466 1935 664 1978 xerant
677 1958 694 1980 ‚
725 1940 857 1979 cum
890 1923 971 1978 vis
988 1923 1178 1978 veneni
1197 1923 1398 1982 intima
1410 1921 1703 2000 praecordia
1719 1936 1990 2001 torquens
2001 1963 2021 1986 ‚
2037 1925 2105 1982 ad
2121 1925 2349 2001 questus
2362 1922 2505 1982 inso-

466 1995 601 2055 litos
621 2000 932 2077 Principem
947 2000 1250 2059 convertit:
1289 2020 1556 2060 necmora
1568 1999 1732 2078 longa
1746 2041 1766 2067 ‚
1799 2003 1979 2060 Rollo
2010 2003 2268 2092 corrupti
2288 2020 2508 2059 veneno

464 2075 579 2132 cibi
597 2079 614 2134 i
621 2097 657 2135 n
673 2075 1031 2152 suspicionem
1049 2078 1336 2138 adducitur
1349 2119 1365 2144 ‚
1374 2079 1697 2156 pan-atiquej
1705 2079 1818 2135 uffu
1834 2080 2098 2156 conjugis
2108 2079 2195 2136 sur
2210 2078 2502 2143 ficiam-is,

467 2155 807 2212 meminerat
821 2157 975 2212 enim
997 2158 1271 2215 minarum
1286 2156 1562 2235 petulantis
1577 2155 1679 2210 viri
1691 2194 1709 2218 ,
1724 2158 1777 2212 δε
1792 2157 2023 2210 irarum.
2072 2155 2236 2230 Qid
2268 2154 2488 2212 molia-

468 2243 563 2287 tur
581 2232 846 2290 innocens
866 2234 1160 2311 Princeps?
1187 2234 1401 2295 Accedit
1416 2230 1717 2290 vernaculos
1732 2270 1750 2294 ‚
1769 2232 2128 2289 mediastinus
2140 2270 2161 2293 .
2197 2246 2387 2290 totam
2405 2231 2495 2291 fa·

468 2308 725 2372 miliam5
751 2328 872 2368 eam
904 2315 1269 2374 confluentem
1300 2315 1356 2370 in
1380 2308 1689 2369 cubiculum
1718 2309 1982 2386 Princeps
2006 2311 2214 2368 innixa
2228 2311 2494 2387 pulvinis

469 2387 674 2446 invi&
691 2403 881 2447 mente
895 2389 1198 2469 alloquitur
1212 2432 1227 2457 .
1241 2392 1447 2450 testatur
1460 2386 1806 2465 praesentium
1821 2386 1998 2444 fidem
2016 2427 2035 2449 .
2064 2390 2297 2451 testatur
2311 2389 2504 2448 thala-

470 2465 2503 2623 ffss'essoeff'&2¹31z{Efaffiffiffiztffi‘mffissstifflffiffl

470 2644 597 2683 cam
616 2663 635 2687 ‚
662 2566 805 2703 apud
832 2645 1000 2703 quam
1035 2628 1374 2691 declinandae
1418 2625 1568 2686 causa
1608 2624 1866 2683 Rollonis
1907 2626 2236 2701 petulantiz
2275 2641 2509 2687 utcum-

472 2722 586 2780 que
597 2703 856 2761 diverssta
870 2718 985 2761 erat
1003 2743 1019 2768 ,
1034 2706 1080 2780 ej
1088 2706 1258 2783 usque
1273 2706 1515 2764 famulos
1528 2702 1806 2781 utriusque
1821 2703 1978 2761 sexus
1995 2743 2014 2769 ,
2027 2704 2069 2761 si
2081 2709 2243 2780 cujus
2253 2706 2364 2762 viri
2378 2703 2513 2762 affi-

475 2795 564 2838 tus
582 2781 1032 2837 remotisarbitris
1046 2782 1279 2860 usquam
1293 2784 1528 2843 admifit.
1566 2785 1832 2861 Dumque
1845 2782 2153 2840 identidem
2169 2782 2381 2840 coelum
2397 2823 2416 2847 .
2446 2787 2509 2843 δε

474 2857 659 2921 Solem
679 2859 830 2915 testes
845 2858 1041 2916 illibati
1059 2861 1287 2935 pudoris
1298 2862 1535 2939 appellat
1549 2901 1567 2923 .
1603 2864 1658 2920 vi
1688 2863 1883 2919 veneni
1915 2862 2093 2919 cordis
2108 2861 2503 2934 interim-aper·

474 2936 707 2993 vadente
734 2936 908 2994 vitam
936 2936 1163 3015 reliquit
1188 2942 1250 2997 in
1267 2940 1389 3016 ipso
1405 2943 1715 3001 aetatisvere
1731 2979 1748 3005 ,
1774 2936 2387 2999 circumstantibusillis‚
2427 2941 2490 2995 δε

473 3014 878 3093 plangentibus.
895 3034 1010 3074 uno
1027 3015 1274 3076 Rolloue
1289 3020 1357 3077 de
1379 3020 1626 3078 vindi&
1639 3019 1737 3077 fibi
1757 3019 2054 3094 plaudente.
2091 3019 2175 3074 Re
2185 3033 2255 3070 ex
2266 3013 2484 3070 sennen·

473 3096 556 3153 tia
571 3097 745 3153 animi
758 3097 905 3174 gesta
918 3093 1093 3154 Rollo
1108 3096 1380 3173 Principis
1394 3099 1500 3157 viri
1518 3098 1764 3155 reditum
1781 3109 2029 3174 occupat.
2042 3097 2094 3153 &
2108 3094 2256 3150 novis
2268 3093 2488 3149 iterum

472 3174 680 3234 artibus
693 3191 885 3235 contra
898 3193 1144 3234 rumores
1154 3177 1347 3235 munit
1361 3193 1424 3235 ac
1441 3179 1856 3255 parat.Summa
1868 3177 2024 3235 totius
2036 3172 2197 3231 scenae
2210 3170 2336 3228 haec
2348 3169 2450 3227 est.

558 3254 722 3312 Tunc
746 3257 1026 3313 Macrinus
1040 3254 1235 3314 silentii
1252 3255 1471 3314 dudum
1479 3257 1790 3331 impatiens
1803 3255 2028 3313 demum
2039 3250 2306 3309 exclamat
2319 3249 2391 3309 ,ὁ
2404 3247 2502 3305 de-

477 3334 690 3412 pravati
702 3333 852 3392 orbis
865 3333 1097 3394 infames
1110 3333 1331 3400 incolae,
1361 3353 1478 3392 non
1493 3334 1765 3393 cess‘abitis
1779 3333 2037 3392 dolorum
2053 3329 2333 3388 architecti
2347 3366 2372 3418 ⁹.
2382 3343 2502 3384 non

477 3413 747 3472 eess‘abitis
762 3414 949 3471 vestris
960 3410 1242 3473 sceleribus
1255 3413 1314 3470 in
1329 3409 1638 3470 insontium
1655 3427 1823 3487 caput
1848 3430 2020 3470 novas
2047 3408 2192 3468 sabas
2213 3406 2403 3465 veih-u
2423 3403 2505 3462 fi-

479 3487 627 3546 bulis
640 3491 876 3549 cudere?
906 3491 1102 3549 siccine
1113 3491 1312 3568 pudori
1324 3502 1706 3547 matronarum
1728 3489 2054 3563 Principum
2084 3485 2319 3546 infidiari
2344 3482 2502 3542 nu&-

480 3564 592 3623 tis?
631 3568 687 3624 δε
702 3565 970 3644 repulsam
989 3569 1113 3642 paffi
1130 3567 1398 3646 petulanti
1413 3567 1586 3626 fumri
1606 3567 1882 3624 vestroens
1895 3566 2229 3624 immolare?

562 3645 705 3701 Mox
736 3645 1029 3703 invadente
1047 3662 1295 3706 mentem
1313 3647 1485 3703 oestro
1502 3645 1727 3700 Po‘e'tico
1746 3682 1763 3708 ,
1792 3657 2236 3718 extemporanee
2264 3638 2508 3700 andeca·

483 3720 693 3801 syllnbo
707 3720 1093 3801 Alethophilut
1105 3724 1247 3786 hanc
1259 3726 1496 3784 naeninm
1509 3720 1717 3781 cecinit
1729 3718 1924 3780 similis
1936 3720 2272 3780 lamentanti
2287 3756 2308 3783 ι
2339 3724 2397 3782 δι
2421 3721 2518 3778 in·

476 3799 761 3885 dignanti:

2395 3878 2498 3931 res
