2738 4475
517 220 668 323 238
1019 221 1534 296 Eunaeum.
1590 222 2078 294 Sar-rrum

502 339 1218 442 iacbrymarumfieluti
1239 336 1606 414 firmiffimo
1621 340 1885 414 decreto
1901 365 2149 414 mecum
2167 336 2339 414 sanxi
2355 344 2570 422 dede-
2671 424 2676 430 ,

512 461 590 516 re
628 466 730 514 me
758 445 825 511 in
868 432 1407 539 Philosophorum
1438 437 1838 540 disciplinam
1857 468 2018 544 quos
2037 443 2190 516 olim
2209 466 2353 517 cum
2372 452 2559 521 Ane-

514 562 709 615 mone
723 558 1099 609 amaveram.
1347 565 1352 571 ⁴

606 635 728 710 Sed
765 632 897 734 ipsa
935 635 1265 711 diversitas
1298 635 1653 711 scholarum
1674 665 1807 712 non
1827 641 1966 714 unis
1987 638 2289 713 institutis
2305 642 2376 715 in
2390 668 2550 718 ean.

477 735 650 809 ‘dem
670 736 1017 808 nitentium
1033 739 1202 809 viam
1219 787 1243 824 ‚
1281 754 1492 810 meam
1512 739 1820 837 pietatem
1837 740 2198 841 aliquandiu
2219 739 2544 817 confudit.

499 842 593 910 At
613 855 759 905 cum
776 834 843 906 in
863 835 979 907 hac
1001 837 1349 930 jaetatione
1366 839 1605 908 mentis
1623 835 1955 952 posuissem
1982 840 2226 939 aliquot
2245 840 2384 914 dies
2400 891 2423 924 ,
2470 850 2542 916 δι

501 934 753 1032 pietatis
790 936 1050 1008 interim
1082 930 1292 1007 sensus
1327 959 1441 1033 per
1466 936 1757 1035 inoptam
1795 947 1863 1013 δε
1886 936 2163 1012 miserias
2183 963 2544 1041 augeretur,

497 1030 664 1104 forte
701 1034 977 1117 accidit,
1010 1035 1165 1106 utin
1188 1035 1452 1135 Acignii
1473 1033 2364 1137 domoagerenturliterarum
2385 1067 2548 1114 con-

497 1154 721 1204 ventus
739 1177 762 1213 ‚
794 1133 1137 1234 propositis
1156 1134 1404 1205 tabellis
1424 1179 1446 1214 ‚
1467 1139 1990 1235 quarumpistura
2007 1139 2074 1209 in
2091 1135 2371 1209 diversos
2389 1138 2535 1215 sen-

497 1230 592 1298 sus
628 1231 897 1306 trabitur
917 1284 939 1320 ,
976 1243 1045 1307 δι
1083 1231 1382 1304 omnibus
1420 1230 1630 1306 <laetis
1648 1238 1987 1310 materiam
2007 1239 2085 1310 ad
2104 1234 2538 1317 differendum

497 1329 838 1403 ministrat.
892 1340 1057 1407 Pace
1067 1352 1179 1405 'tua
1195 1378 1218 1414 ‚
1257 1333 1572 1408 Sanftitas
1589 1393 1612 1421 ,
1653 1332 1926 1409 dixerim
1945 1383 1968 1419 ‚
2012 1338 2328 1436 paululum
2348 1341 2541 1417 omifi

497 1432 878 1504 memoriam
912 1435 1005 1504 tui
1025 1480 1047 1515 ‚
1087 1441 1155 1507 δε
1198 1437 1479 1508 Veteres
1511 1431 1753 1507 stimuli
1783 1437 2007 1535 gloriae
2047 1437 2312 1530 jacentis
2331 1440 2539 1513 animi

493 1533 867 1630 languorem
883 1536 1345 1607 excitaverunt.
1395 1536 1602 1607 Volui
1617 1536 1683 1607 in
1702 1532 2096 1610 eruditorum
2121 1557 2365 1610 coetum
2383 1547 2545 1638 pro-³-

495 1629 670 1711 dire,
709 1635 777 1702 δι
814 1656 1319 1735 extemporanea
1353 1635 1722 1734 eloquentia
1743 1660 1958 1712 meum
1976 1638 2311 1739 ingenium
2332 1638 2550 1739 publi-

495 1755 584 1799 cae
608 1727 1243 1808 famatcommittere.
1867 1780 1872 1785 ·
1995 1743 2001 1750 ’
2410 1741 2417 1775 ³
2506 1804 2510 1807 <

372 1869 475 1922 22
594 1832 804 1930 Igitur
837 1856 907 1905 ut
927 1833 1007 1906 ad
1026 1837 1165 1907 aeris
1183 1831 1404 1903 sonum
1427 1833 1846 1904 convenimus
1861 1876 1887 1911 ,
1928 1827 2370 1927 sedimusque,
2405 1848 2548 1912 'nos

490 1929 753 2028 quidem
771 1934 837 2003 in
858 1930 1299 2021 humilioribus
1316 1930 1476 1999 locis
1493 1973 1516 2009 ‚
1556 1929 1870 2094 Aciepnius
1889 1947 2098 1996 autem
2116 1971 2138 2006 ‚
2185 1935 2254 1998 &
2278 1953 2426 2000 cum
2445 1958 2539 2006 eo

484 2031 833 2124 optimates
846 2073 871 2107 ‚
891 2028 1186 2098 sedilibus
1201 2026 1277 2096 ad
1294 2025 1421 2094 diei
1443 2029 1658 2122 magni
1709 2024 1989 2093 centiam
2009 2024 2346 2109 extruens,
2367 2027 2535 2098 ado.

474 2121 725 2194 lescens·
747 2125 852 2221 qui
867 2124 1168 2195 tabellam
1187 2119 1628 2221 proponebat,
1647 2124 1715 2193 in
1731 2119 2093 2222 suggestum
2112 2118 2384 2193 sublatus
2400 2125 2528 2211 est,

468 2219 748 2390 *pulcher
766 2267 788 2300 ‚
849 2223 1205 2300 concinnus
1228 2268 1250 2303 ‚
1305 2220 1739 2317 &imperata
1762 2218 2076 2294 modestia
2107 2221 2318 2323 gravis
2339 2250 2360 2294 t
2402 2248 2535 2297 nee

471 2345 480 2355 ·
505 2342 679 2418 onge
697 2319 907 2392 tabula
923 2346 1002 2393 ex
1026 2321 1267 2420 pariete
1287 2320 1605 2420 pendebat
1624 2366 1646 2401 ‚
1689 2346 1879 2421 quam
1897 2343 1966 2391 ut
1981 2345 2311 2420 exponere
2329 2324 2540 2395 velle:-

471 2442 627 2493 ‘mus
644 2467 666 2501 ,
703 2413 1008 2518 porrest'o
1045 2423 1114 2494 in
1183 2421 1464 2493 ublicum
1485 2422 1659 2492 radio
1680 2479 1701 2506 ‚
1739 2420 2076 2492 invitabat.
2128 2425 2377 2522 Neque
2397 2446 2532 2524 ego

482 2519 1101 2595 ulterius.cun6tatus
1123 2449 1257 2595 iiim
1278 2568 1300 2602 ,
1322 2516 1714 2620 sublatusque
1731 2520 1797 2592 in
1815 2520 2038 2618 pedes,
2066 2525 2131 2592 δι
2153 2522 2399 2592 vertice
2418 2519 2536 2593 hu·

484 2616 845 2692 maniffime
864 2644 1088 2720 aperto
1112 2664 1132 2702 2
1166 2646 1273 2694 me
1293 2622 1570 2694 orationi
1589 2618 1883 2715 aptabam
1905 2675 1924 2703 ,
1945 2645 2092 2692 cum
2111 2642 2190 2718 εις
2207 2621 2326 2691 alia
2346 2641 2529 2718 parte

474 2717 743 2815 quidam
778 2743 856 2788 ex
881 2723 1150 2819 Acignii
1169 2721 1536 2794 domesticis
1560 2718 1636 2788 ad
1656 2718 1831 2789 idem
1848 2718 2135 2792 officium
2153 2714 2521 2792 exsurrexitt

480 2816 579 2886 vir
598 2816 841 2913 exiguis
861 2826 929 2889 &
956 2820 1307 2890 valentibus
1330 2820 1634 2892 membris
1655 2866 1678 2901 ,
1718 2817 2053 2890 orbiculari
2068 2819 2276 2902 vultu,
2312 2818 2521 2917 niger,

478 2917 753 2987 nomine.
767 2915 1015 2989 Brutus.
1064 2922 1398 3017 Egovero
1417 2917 1796 3017 indignabar
1811 2963 1833 2997 ‚
1855 2918 1904 2990 fi
1930 2917 2191 3016 Acignii
2207 2912 2443 3000 servus,
2466 2914 2514 2989 fi

477 3014 822 3115 repudiatis
864 3016 1211 3090 honoribus
1249 3042 1482 3117 pauper
1501 3064 1521 3099 ,
1558 3024 1625 3088 &
1649 3041 1825 3089 certe
1841 3019 1964 3089 illis
1984 3017 2144 3085 locis
2165 3009 2516 3101 familiaris,

461 3115 653 3188 ,mihi
676 3139 950 3188 externo
966 3141 1436 3215 praeponeretur
1452 3167 1477 3202 ,
1515 3118 1613 3209 cuj
1622 3143 1691 3191 us
1712 3114 1930 3189 saltem
1953 3114 2230 3213 dignitas
2254 3114 2518 3212 ignora-

475 3212 680 3286 baturt
703 3215 1117 3287 nihilominus
1137 3241 1281 3287 eum
1307 3240 1597 3290 moneret
1617 3218 1881 3288 revereri
1900 3210 2324 3297 sanetitatem⁸
2346 3214 2516 3287 clam

473 3310 823 3483 ndgiiiratus
859 3313 1277 3395 insolentiam
1342 3342 1593 3397 morum
1645 3323 1712 3387 δι
1763 3312 2149 3388 diffimulata
2197 3311 2519 3389 iracundia

482 3435 564 3485 ee
647 3459 666 3479 .

579 3512 968 3587 Eratautem
985 3513 1212 3586 tabulae
1229 3509 1420 3590 facies
1444 3572 1465 3599 ‚
1487 3540 1626 3613 quae
1641 3515 1724 3592 ad
1745 3509 2166 3587 differendum
2187 3536 2513 3612 propone-

475 3609 661 3686 batur
681 3657 703 3691 ,
733 3612 1074 3703 ejusmodi.
1128 3615 1433 3684 Matrona
1455 3612 1962 3690 verecundiffimi
1979 3618 2186 3686 vultus
2205 3618 2271 3685 in
2293 3613 2507 3685 medio

479 3709 721 3794 stabat,
759 3736 1077 3811 purpureo
1113 3712 1391 3789 amiculo
1409 3711 1672 3814 infignis
1698 3761 1722 3798 ,
1759 3715 1936 3815 quod
1954 3715 2185 3791 virides
2207 3714 2361 3788 radii
2368 3711 2505 3882 ¹pul-

1822 3836 1824 3838 ’
2015 3830 2018 3834 ’
2332 3838 2364 3886 c
2412 3833 2510 3881 er·
2564 3845 2587 3855 -
