2738 4475
889 257 1651 336 Panslv.
2124 281 2292 362 445

243 388 317 456 ει
337 375 586 456 animus
604 373 690 448 ad¹
711 372 1262 475 magnificentiam
1280 369 1509 462 sanstus,
1536 369 1828 446 membra
1850 418 1876 454 ,
1910 368 2294 472 incessusque

242 477 591 578 compositi
609 476 690 547 ad
705 469 1027 547 venustam
1047 471 1473 567 majestatem.
1520 473 1741 570 Togis
1763 479 1829 545 &
1853 469 2091 543 tunicis
2113 493 2300 543 utun-

244 601 376 666 tur,
395 577 473 650 ad
489 600 742 648 rnorem
764 575 1092 655 Orientis,
1115 572 1444 671 purpureis
1467 573 1744 643 maxime
1762 617 1784 653 ‚
1807 593 1912 642 aut
1930 596 2071 668 quae
2088 595 2303 643 coeru-

246 680 421 751 leum
440 677 733 748 colorem
750 694 1153 774 acceperunt.
1192 675 1282 745 Et
1305 672 1413 742 hic
1438 671 1695 743 vestitus
1710 671 1975 772 egregie
1995 671 2167 742 viros
2187 668 2305 741 de-

192 766 201 773 ’
249 797 359 850 cet
376 824 400 860 ‚
435 777 622 847 brevi
655 795 723 845 ut
759 776 1102 872 plurimum
1120 772 1383 844 acinace
1402 770 1482 841 ad
1500 790 1788 871 togatum
1804 773 1968 841 latus
1990 767 2301 869 appenso.

250 876 536 950 Callidis
569 882 635 948 &
671 873 1040 975 ingentibus
1072 862 1354 944 consiliis
1390 871 1606 943 valent
1626 916 1650 950 ,
1703 871 1965 969 parique
1998 869 2255 940 audacia
2272 894 2299 942 .-

253 970 594 1076 presertim
609 972 653 1045 fi
674 973 853 1046 brevi
875 974 1181 1045 duntaxat
1198 979 1267 1046 δι
1291 967 1528 1044 furtivo
1547 971 1798 1067 impetu
1811 994 1995 1068 opus.
2052 976 2300 1069 Ingen-

255 1096 357 1145 tes
379 1072 746 1146 proceribus
769 1098 929 1172 opes
949 1072 1131 1167 sunt3
1163 1095 1396 1173 magna
1430 1094 1562 1169 quo
1651 1093 1728 1154 e,
1780 1071 1931 1139 licet
1970 1069 2039 1141 in
2072 1093 2300 1168 regno,
2370 1109 2373 1112 -

251 1174 570 1246 libertatis
585 1171 873 1274 vestigia.
948 1171 1321 1272 Unicuique
1338 1192 1461 1269 pro
1485 1168 1597 1267 opi
1644 1194 1715 1240 us
1735 1168 2080 1241 multitudo
2101 1170 2308 1239 clien-

248 1275 415 1346 tium
435 1307 460 1367 3
492 1281 554 1345 &
576 1275 706 1346 illis
725 1275 792 1345 in
809 1294 1113 1373 patronos
1133 1274 1366 1372 ingens
1387 1267 1573 1340 fides.
1641 1273 1803 1362 Non
1837 1270 1956 1339 alia
1973 1268 2302 1368 ingentior

254 1371 583 1445 nobilibus
605 1396 753 1444 cura
769 1418 793 1453 ‚
844 1398 1038 1471 quam
1076 1395 1161 1443 ne
1195 1368 1352 1470 quid
1369 1365 1451 1440 de
1468 1367 1546 1438 iis
1572 1367 1990 1468 prerogativis
2008 1368 2312 1450 decedatj

250 1497 413 1573 quas
444 1493 582 1542 tam
615 1471 659 1543 ὲ
699 1473 915 1541 multis
947 1468 1234 1542 aetatibus
1281 1469 1689 1539 intemeratas
1728 1468 1987 1541 babent.
2042 1470 2132 1541 Et
2149 1465 2310 1539 ideo

251 1572 465 1663 major
479 1592 802 1640 armorum
822 1567 1170 1663 pertinacia
1187 1587 1408 1638 contra
1424 1570 1668 1654 Turcas
1690 1614 1714 1649 ‚
1751 1568 1945 1668 quiin
1964 1591 2156 1644 unam
2175 1564 2310 1638 ser·

255 1668 540 1742 vitutem
570 1665 788 1737 omnis
823 1664 1215 1737 claritudinis
1249 1662 1686 1764 sanguinisque
1716 1666 1983 1739 familias
2038 1666 2299 1765 premit.

265 1763 538 1863 Absque
557 1762 708 1844 hoc,
721 1764 1057 1835 inclinatio
1072 1764 1430 1837 animorum
1450 1764 1523 1837 in
1537 1765 1665 1835 illis
1681 1767 2032 1854 timeretur,
2055 1764 2311 1840 aliunde

262 1866 723 1962 potiusReges
744 1885 935 1962 quam
950 1886 1030 1935 ex
1051 1863 1406 1936 Germania
1427 1862 1746 1961 petituris.
1815 1865 2083 1962 Qippe
2117 1868 2315 1938 Hun-

308 1987 452 2033 aros
475 1960 975 2059 Germanosque
994 1964 1251 2076 vulgare
1271 1963 1519 2036 viciniae
1539 1966 1774 2036 malum
1795 2010 1823 2047 ,
1838 1959 2101 2061 superba
2116 1987 2315 2036 aemu-

256 1989 459 2142 fario,
496 2062 670 2132 inter
702 2054 768 2131 se
802 2062 1191 2132 committit.
1263 2060 1500 2135 Probra
1516 2063 1834 2160 utrimque
1851 2065 1919 2135 in
1941 2060 2314 2135 domesticis

264 2160 607 2335 {elloquiis
630 2157 788 2234 saeva
802 2208 827 2249 ,
847 2156 1237 2260 alternisque
1256 2161 1412 2234 vitia
1428 2157 1667 2233 curiose
1684 2181 1788 2231 aut
1808 2164 2149 2263 explorant
2162 2206 2188 2246 ,
2206 2181 2317 2233 aut

319 2286 357 2333 n
489 2283 544 2333 t.

359 2287 663 2462 guengari
678 2383 987 2460 equorum
1009 2356 1264 2432 studiofi
1282 2408 1306 2445 ,
1324 2383 1485 2459 quos
1501 2360 1790 2461 optimos
1807 2358 2315 2446 habenta'vesses

269 2485 532 2561 quoque
548 2506 569 2540 ‚
599 2469 667 2535 δι
693 2485 865 2531 arma
882 2505 908 2539 ,
939 2458 1021 2530 ad
1037 2458 1298 2530 delicias
1321 2484 1754 2559 pompamque
1772 2463 2040 2561 exigunt
2056 2489 2078 2533 r
2131 2465 2324 2558 equis

267 2562 522 2633 malunt
537 2583 729 2657 quam
747 2556 1011 2654 pedibus
1031 2559 1315 2654 praelium
1335 2558 1524 2640 inire,
1540 2560 1885 2657 timerique
1904 2584 2050 2630 cum
2072 2557 2321 2631 ambitu

270 2676 593 2758 quaerunt.
661 2656 886 2728 Italica
921 2657 1180 2753 ingenia
1210 2654 1497 2755 artesque
1519 2656 1800 2757 sequuti,
1857 2681 1942 2728 ne
1955 2654 2219 2772 quidem
2238 2657 2321 2729 ab
2416 2672 2433 2683 ⁶

275 2779 507 2828 eorum
525 2753 699 2828 vitiis
720 2752 1054 2825 creduntur
1070 2753 1407 2828 abhorrere
1424 2801 1446 2837 ‚
1469 2764 1535 2830 δι
1555 2756 1855 2830 vindistae
1871 2752 2150 2829 facinora
2168 2781 2319 2856 per-

271 2878 469 2957 agere
484 2852 781 2926 dicuntur
794 2850 1022 2925 iisdem
1040 2853 1274 2928 artibus
1292 2902 1316 2937 ‚
1354 2857 1613 2957 parique
1645 2858 1869 2930 livore.
1937 2857 2049 2931 Ad
2090 2859 2320 2931 amici·-

269 2957 431 3028 tiam
452 2949 798 3026 facillimos
823 2972 1007 3051 putes
1026 2980 1048 3023 t
1102 2953 1227 3027 Sed
1256 2953 1393 3026 haec
1426 2980 1654 3030 verane
1692 2955 1765 3030 fit
1801 2978 1904 3029 aut
1921 2976 2055 3030 tuta
2075 3013 2100 3042 ‚
2154 2960 2315 3031 nulli

269 3055 503 3128 m'elius
540 3051 946 3139 aestimabunt
964 3098 988 3134 ,
1026 3076 1218 3152 quam
1251 3054 1301 3127 ii
1338 3054 1455 3154 ipfi
1490 3057 1601 3154 qui
1617 3057 1791 3128 illam
1808 3055 2058 3127 inibunt
2078 3082 2101 3139 3
2152 3053 2320 3128 serio

272 3173 639 3251 reputantes
657 3178 812 3225 num
829 3153 1027 3224 amari
1047 3156 1398 3227 meruerint
1411 3202 1437 3238 ,
1474 3180 1555 3227 an
1588 3179 1743 3226 vero
1758 3155 1869 3223 illa
1887 3177 2048 3252 gens
2069 3153 2314 3226 utilita-

274 3269 418 3346 ⁸tem
433 3272 686 3347 captura
705 3308 726 3337 ,
749 3250 1152 3326 simulatione
1170 3250 1647 3327 benevolentia:
1666 3298 1689 3332 ‚
1711 3247 1996 3323 fraudem
2018 3271 2219 3350 paret.

375 3351 689 3450 fflnfignis
720 3349 815 3423 est
844 3351 1009 3451 apud
1043 3351 1190 3424 illos
1210 3351 1606 3453 magistratus
1631 3374 1824 3450 quem
1844 3350 2203 3423 Palatinum
2221 3353 2325 3427 di.

2118 3477 2196 3524 cu
2295 3481 2321 3526 a

351 3564 380 3602 ι
429 3546 619 3618 Infigns'e
649 3552 713 3601 eff
738 3551 851 3620 ‘pud
877 3550 977 3603 iun
993 3550 1270 3622 ‚angustum
1331 3546 1553 3601 undecim
1584 3546 1935 3618 magistratuum
1964 3550 2152 3603 amilio.
2199 3478 2321 3605 grib-

271 3619 1294 3746 *mammam
1332 3618 1693 3738 amre
1707 3618 2133 3739 emmer

364 3767 534 3823 gnatus
553 3756 570 3817 i
573 3769 683 3808 uxta
692 3722 815 3837 lege:
832 3757 884 3806 in
898 3706 1049 3807 datiis
1064 3703 1276 3835 protaxii-11·
1332 3718 1453 3822 regi’s
1468 3702 1667 3807 genuine
1680 3703 2320 3825 ,psdlimmguzetgeqffi

267 3836 402 3893 gatar
430 3838 629 3892 reguum
666 3823 1000 3884 admuustrat3
1044 3824 1275 3876 minirum
1334 3816 2329 3960 ςώριοιὶαιηὶεεεοοθριιιῗὲἔηίῖὲ
