2738 4475
913 273 1027 348 ,Ρ
1135 294 1183 341 Α
1253 208 1330 339 ,ι
1440 289 1474 339 s
1597 271 1752 343 IV.
2169 289 2321 372 ςςγ

263 382 513 478 flexam
529 389 597 463 in
614 386 837 461 odium
852 432 875 468 ‚
901 390 968 457 δι
993 386 1160 486 pent}
1181 384 1260 456 de
1281 380 1457 456 sensu
1476 385 1752 456 auEtoris
1767 405 2135 459 exeuntem.
2174 389 2321 464 Ve-

269 488 426 574 sana
442 512 655 562 autem
676 486 1069 587 repugnandi
1089 484 1403 583 cupiditas
1424 507 1505 554 eo
1525 485 2009 558 aemulationem
2028 486 2309 575 deducit,

275 613 352 674 *ut
373 638 396 672 ‚
451 593 489 663 Ξι
579 589 759 660 uibus
799 584 1090 659 diffidere
1111 583 1470 679 inceperint
1485 637 1507 668 ‚
1549 586 1616 656 in
1632 583 1937 656 omnibus
1954 585 2317 670 divertants

281 699 350 764 δι
375 687 503 761 hoc
531 618 744 758 solent
762 686 828 758 in
852 687 1093 784 pietate
1113 705 1465 756 numerare.
1533 687 1714 754 Tum
1739 682 1908 782 quasi
1934 683 2096 755 nihil
2121 686 2320 782 probe

273 773 390 862 aut
408 787 678 861 astruere
700 787 746 857 ii
762 784 1063 858 homines
1087 782 1325 883 poffint
1344 802 1449 851 aut
1469 805 1727 878 carpere
1749 828 1772 863 ‚
1789 784 1901 881 qui
1919 781 2113 856 semel
2134 809 2310 859 erra-

280 910 515 961 verunt
536 943 555 973 ,
581 883 754 960 nefas
776 881 1033 983 quoque
1054 881 1421 956 existimant
1437 937 1459 965 ‚
1484 879 1796 973 ejusmodi
1818 880 2319 966 adversariorum

275 988 529 1086 judicio
548 988 832 1086 proditos
852 986 916 1055 in
934 982 998 1055 se
1018 1008 1230 1057 naevos
1251 979 1596 1080 agnoscere
1623 1031 1648 1068 ,
1682 985 1748 1050 &
1770 977 1996 1055 salubri
2012 987 2323 1062 mutatio-

283 1113 369 1160 ne
390 1090 619 1160 eluere.
693 1089 862 1158 Haec
900 1085 1116 1183 itaque
1150 1080 1660 1180 propugnando,
1691 1106 1829 1178 quae
1851 1107 1982 1153 non
2007 1081 2181 1180 poffe
2197 1085 2319 1158 de-

277 1182 458 1276 fendi
476 1183 621 1258 satis
642 1182 893 1257 constat
909 1239 928 1269 ,
969 1180 1368 1283 iniquissimo
1388 1177 1764 1278 praejudicio
1794 1205 2061 1256 onerant
2086 1182 2322 1279 justam

279 1287 351 1361 in
368 1287 616 1360 caeteris
637 1283 822 1357 rebus
841 1285 1045 1356 litem.

380 1397 400 1428 ¹
421 1386 661 1486 Magni
694 1408 891 1457 nexus
928 1384 1097 1454 inter
1130 1378 1347 1453 omnis
1384 1376 1763 1453 eruditionis
1801 1402 2011 1481 partes
2030 1381 2209 1473 suut;
2246 1392 2319 1459 δε

2159 1482 2321 1556 affe-

331 1578 379 1635 ἰ
421 1584 579 1652 Magna·
602 1598 739 1631 nexu
748 1582 866 1630 iuter
876 1579 1010 1630 mnu}
1022 1577 1273 1631 eruditionis
1329 1578 1571 1646 pliciterut
1587 1595 1803 1632 numerus
1820 1580 1885 1632 est
1908 1615 1925 1640 ‚
1952 1579 2034 1635 sed
2064 1598 2119 1635 ut
2144 1585 2323 1636 relatus

275 1652 583 1721 pansant]
621 1648 963 1699 CurnTheoria
979 1647 1276 1700 seucontem·
1330 1646 1391 1697 ad
1404 1645 1741 1707 sonurn,velut
1757 1651 2086 1704 harmonicus:
2120 1650 2323 1720 siquan-

283 1719 435 1784 platio
462 1717 755 1768 intellesturn
771 1748 787 1773 ,
814 1718 967 1769 Praxis
983 1733 1098 1768 vero
1111 1732 1274 1785 corpus
1324 1718 1438 1766 tiras
1453 1717 1533 1767 illa
1565 1717 1757 1769 mobilis
1786 1718 1850 1769 est
1866 1754 1883 1776 .
1910 1720 1998 1770 erit
2030 1720 2322 1788 Astrologia.

286 1800 513 1844 exerceat,
540 1787 646 1854 quis
661 1801 761 1834 non
776 1786 901 1835 videt
912 1785 1143 1850 duplicem
1160 1785 1276 1836 banc
1329 1785 1496 1835 Altera
1522 1798 1650 1853 parte
1674 1784 1950 1839 'theoretica
1975 1785 2071 1854 ipsa
2086 1788 2152 1839 est
2164 1789 2324 1840 Theo·

288 1854 544 1905 Scientiam
563 1887 578 1911 ,
597 1853 926 1904 'theoreticam
941 1887 956 1911 ‚
990 1851 1161 1904 scilicet
1175 1888 1192 1913 ,
1221 1855 1272 1903 &
1323 1853 1482 1919 logia,
1498 1857 1626 1915 cujus
1644 1854 1874 1920 triplicem
1889 1856 2084 1908 adverto
2098 1858 2322 1924 partitio-

222 1962 261 1996 ⁶
280 1923 544 1973 Praffleam
571 1920 706 1973 simul
738 1923 797 1972 ad
844 1921 1090 1974 hominem
1135 1922 1273 1991 perfi-
1329 1936 1459 1973 nem.
1513 1927 1571 1973 ln
1597 1924 1855 1973 naturalem
1874 1957 1894 1983 ,
1925 1940 2023 1991 quae
2055 1930 2210 1976 Deum
2239 1939 2324 1991 pet

277 1989 501 2042 ciendum
534 1991 678 2039 coire.
755 1989 1043 2042 Theoreticae
1072 1990 1183 2041 finis
1211 1989 1273 2040 est
1330 1992 1562 2040 naturalia
1575 1991 1821 2059 principia,
1838 1990 2146 2045 &altiffimas
2165 1991 2328 2052 causas

280 2058 488 2124 ver-itas,
521 2054 594 2108 seu
611 2059 823 2109 veritatis
839 2059 963 2108 nuda
978 2072 1171 2109 contem
1207 2060 1274 2107 la-
1328 2055 1635 2124 perscrutatur
1670 2076 1684 2106 ε
1712 2063 2136 2125 ,supernaturalem
2163 2094 2185 2123 ,
2219 2076 2325 2130 quat

279 2127 390 2176 tio:
423 2127 541 2177 hanc
567 2128 619 2175 in
634 2126 748 2176 duas
763 2124 1053 2192 potiffitnum
1066 2125 1152 2177 fibi
1186 2126 1269 2175 ub·
1332 2131 1490 2177 Deum
1512 2161 1529 2186 ‚
1561 2129 1610 2175 &
1626 2142 1679 2176 α
1693 2143 1826 2193 ‚qux
1842 2127 1984 2179 fidem
2000 2127 2204 2197 speciant
2220 2162 2233 2186 .
2263 2142 2322 2182 en

277 2194 516 2248 ordinatas
547 2208 697 2262 partes
725 2193 1088 2262 distinguimus:
1117 2193 1273 2261 rhyfi-
1326 2195 1573 2262 principiis
1590 2196 1802 2246 revelatis
1831 2194 2055 2264 agnoscit.
2104 2198 2322 2253 Mediam

281 2278 386 2313 cam
405 2299 420 2321 ‚
451 2280 547 2333 qu:
559 2279 725 2331 corpus
741 2261 1033 2323 considerat,
1067 2276 1119 2312 ut
1132 2278 1269 2313 natu·
1324 2263 1528 2330 denique
1554 2259 1629 2313 seu
1645 2262 1970 2314 Scholasticam
1984 2298 2005 2325 ,
2034 2270 2320 2335 quaepartim

279 2333 411 2389 rale,
445 2332 841 2401 quemadmodum
884 2332 1124 2383 Medicina
1151 2331 1268 2381 illud
1323 2332 1545 2390 ratione,
1592 2332 1762 2398 partim
1796 2335 2083 2385 revelatione
2110 2338 2318 2396 nititur,

281 2397 465 2469 respicit
480 2415 530 2451 ut
546 2398 766 2459 sanabile,
782 2414 920 2467 atque
934 2400 993 2451 ab
1005 2402 1085 2450 illa
1096 2399 1268 2467 pendet

284 2481 339 2517 ut
355 2483 509 2519 ramus
523 2467 579 2519 ab
590 2467 777 2525 arbore,
791 2484 898 2519 cum
913 2468 1150 2535 principiis
1164 2471 1266 2530 ejus

285 2535 537 2599 innitatur.
576 2539 698 2586 Hinc
713 2536 767 2587 fit
780 2568 801 2595 ‚
831 2549 884 2587 ut
901 2536 1137 2587 Medicina
1150 2535 1270 2588 divi-

284 2603 426 2654 datur
454 2606 504 2653 in
532 2602 874 2672 Phyfiologiam
890 2638 907 2663 ,
940 2620 1039 2672 qua
1051 2609 1269 2655 naturam

286 2671 497 2721 intuetur
512 2686 531 2729 3
561 2672 880 2739 l’athologiatn
896 2704 918 2732 ‚
949 2687 1049 2738 quae
1076 2671 1271 2723 morbos

285 2734 507 2804 respicit3
542 2738 909 2806 Prognosticatn‚
925 2754 1026 2806 quae
1050 2752 1274 2799 mortem,

288 2819 373 2855 aut
387 2808 531 2857 vitam
543 2806 750 2875 prasagit
766 2822 785 2865 3
822 2810 1040 2875 Hygitem
1056 2840 1078 2868 ‚
1091 2824 1189 2875 qu:
1204 2806 1274 2858 sa·

283 2872 496 2926 hbrium
527 2873 608 2926 usu
636 2874 830 2927 morbos
858 2879 1041 2927 coircet
1059 2900 1074 2936 ς
1101 2876 1275 2927 Thera-

283 2946 536 3009 peuticam.
551 2960 651 3013 quoe
665 2944 768 2996 vitx
786 2946 1160 2996 incolumitatem
1175 2958 1273 2996 tue-

276 3022 355 3062 tur
374 3035 387 3071 ς
427 3013 847 3064 Pharmaeeutriam
866 3048 881 3071 ‚
898 3029 997 3081 quae
1011 3012 1272 3082 pharmaca,

283 3082 335 3131 ἀ
351 3084 556 3135 amuleta
572 3080 804 3133 ministrat
818 3114 839 3141 ,
857 3083 907 3131 &
924 3081 1271 3149 chirurgiam,

278 3163 381 3215 qua
404 3166 521 3218 opus
551 3150 689 3201 habet
704 3150 912 3207 urendo,
944 3147 1142 3201 secando
1163 3184 1179 3209 ,
1200 3150 1269 3200 fe-

283 3217 594 3287 riendo-'rota
607 3233 716 3272 vero
733 3218 958 3270 naturalis
972 3216 1270 3286 Philosophia

282 3282 336 3332 in
362 3285 477 3334 osto
487 3300 639 3351 partes
665 3283 694 3337 a
709 3285 994 3356 philosopho
1007 3284 1269 3338 diffecatur:

275 3352 759 3406 alteraMathetnatica
773 3354 837 3405 est
849 3355 1270 3415 abArchirnede‚&

275 3421 480 3471 Euclide
495 3423 685 3471 inventa
698 3455 716 3482 ,
734 3440 834 3489 quae
850 3422 881 3472 fi
894 3426 1014 3473 circa
1027 3427 1268 3491 quantita-

276 3502 381 3541 tem
398 3493 678 3540 continuam
696 3524 716 3550 ,
743 3492 892 3556 qualis
920 3490 1269 3559 estlongitudo,

282 3556 518 3618 versatur,
535 3562 809 3607 Geomettia
820 3555 1077 3609 censebitur
1093 3578 1105 3610 :
1135 3560 1167 3610 fi
1181 3562 1265 3609 cir·

270 3642 327 3677 ca
343 3628 663 3695 quantitatem
679 3622 1088 3693 discretam‚qualis
1101 3627 1165 3677 est
1181 3645 1268 3678 nu-

270 3712 436 3748 merus
455 3730 470 3754 ,
492 3693 807 3747 Arithmetica
822 3694 1116 3759 reputabitur.
1156 3702 1270 3746 Haec

1323 2397 1492 2467 quibus
1506 2398 1658 2467 potest
1675 2400 1866 2468 adiungi
1880 2399 2068 2452 scientia
2082 2405 2205 2469 Juris
2221 2410 2322 2455 Ca-

1325 2467 1487 2519 nonici
1505 2500 1521 2524 ,
1536 2483 1634 2534 qua
1652 2467 1965 2519 Ecclefiasticae
1982 2472 2183 2520 Politicae
2198 2488 2316 2537 prae·

1324 2550 1456 2604 cepta
1471 2534 1682 2586 recludit.
1720 2534 1798 2585 Ad
1815 2537 2067 2588 Prasticam
2086 2539 2247 2595 venio,
2263 2541 2317 2589 δε

1322 2603 1567 2664 ἱαᾶἰναω,
1578 2604 1710 2665 cuius
1724 2602 1833 2655 finis
1846 2602 1911 2652 est
1924 2604 2049 2654 astio
2061 2605 2245 2655 interna
2259 2606 2322 2659 ad

1325 2670 1510 2725 bonurn
1526 2672 1700 2723 dire&
1713 2703 1735 2731 ‚
1768 2683 1821 2721 ut
1837 2670 1999 2722 Ethica
2011 2669 2087 2723 seu
2101 2674 2327 2737 Moralisq,

1327 2741 1421 2792 haec
1446 2743 1578 2792 enirn
1605 2754 1762 2791 mores
1788 2740 1947 2808 dirigit
1960 2758 1975 2789 r
2034 2738 2069 2791 fi
2095 2740 2323 2797 hominen

1377 2810 1518 2861 uidam
1535 2809 1586 2858 in
1601 2805 1855 2858 solitudine
1866 2810 2085 2878 degentes
2100 2843 2117 2867 ,
2140 2816 2320 2861 Mona·

1327 2825 1439 2928 Χῖαι
1453 2878 1516 2929 est
1536 2894 1550 2926 r
1583 2876 1617 2929 fi
1642 2878 1694 2927 in
1704 2876 1888 2929 familia
1901 2911 1924 2937 ‚
1956 2881 2280 2931 oeconomica
2296 2898 2315 2933 a

1331 2945 1362 2996 fi
1379 2947 1427 2996 in
1441 2959 1589 3015 regno
1602 2979 1624 3008 ,
1655 2948 1729 2996 vel
1761 2953 1875 3013 Rep.
1892 2948 2090 2998 Politica
2108 2982 2124 3005 .
2160 2949 2232 3000 vel
2248 2947 2319 3003 est

1329 3015 1651 3073 Monarcbica,
1666 3016 1738 3065 vel
1755 3013 2103 3074 Ariston-atim,
2120 3017 2193 3067 vel
2214 3021 2311 3066 De-

1329 3084 1613 3134 mocratica=
1644 3082 1704 3133 ad
1733 3083 1814 3132 has
1830 3082 1980 3132 refero
1995 3081 2319 3148 jurispruden-

1326 3152 1445 3200 tiam
1458 3184 1480 3213 ,
1508 3166 1606 3218 qu:
1634 3152 1748 3213 juris
1767 3152 1932 3217 cuique
1960 3151 2182 3199 reddendi
2196 3168 2314 3219 pra:-

1408 3233 1455 3268 ta
1473 3217 2283 3285 ministrat.Fastiva.quamGraeciwo
2295 3244 2313 3256 ·

1323 3235 1502 3337 1⁶3:th
1528 3297 1719 3343 vocant,
1733 3286 1889 3352 operis
1902 3282 2317 3343 consummatione

1328 3356 1475 3406 finem
1491 3351 1833 3421 assequitur‚vel
1845 3355 1978 3404 realis
1992 3353 2151 3415 ὠμά
2166 3373 2308 3425 quam

1322 3440 1442 3491 opus
1455 3437 1702 3474 externum
1716 3423 1838 3473 reale
1855 3423 2078 3487 pertinet,
2092 3437 2141 3474 ut
2157 3426 2311 3492 piltu-

1324 3508 1373 3541 ra
1388 3526 1403 3550 ,
1420 3492 1605 3543 fabrilis
1620 3523 1640 3550 ‚
1656 3491 1873 3540 militaris
1893 3522 1914 3549 ,
1947 3492 2045 3542 aliae
2061 3492 2310 3548 illiberales

1323 3574 1376 3608 ac
1391 3562 1590 3610 minime
1602 3560 1810 3626 ingenua:
1828 3571 1950 3608 artes
1967 3593 1983 3617 ,
2009 3577 2107 3628 qua:
2123 3579 2222 3614 non
2236 3566 2313 3615 in·

1322 3628 1449 3695 genii
1466 3625 1539 3678 sed
1556 3642 1781 3677 manuum
1795 3626 2054 3680 ministerio
2083 3647 2313 3700 peragun-

1325 3712 1434 3755 ταῖς
1463 3696 1539 3747 vel
1552 3692 1869 3747 sermocinalis
1887 3727 1907 3753 ,
1932 3692 2308 3763 quaesetmonem

264 3763 638 3817 ssrbordinatam
653 3760 791 3811 habet
811 3760 1055 3818 Musscam,
1071 3778 1167 3830 qua·
1183 3780 1267 3815 nu-
1323 3763 1504 3832 dirigit,
1521 3761 1552 3814 fi
1568 3764 1825 3813 mentalem
1842 3795 1862 3822 ,
1881 3766 2133 3818 Dialectica
2149 3769 2209 3818 est
2229 3789 2239 3818 ε
2278 3769 2310 3820 fi

264 3850 457 3891 merum
474 3830 562 3886 fibi
577 3830 782 3884 vindicat
797 3861 819 3894 ‚
846 3846 949 3883 non
961 3831 1147 3902 quidem
1162 3830 1270 3883 sun-
1322 3845 1599 3895 ertternum,
1634 3833 1707 3885 vel
1736 3831 1793 3882 ad
1819 3846 2024 3901 congrue
2038 3835 2307 3889 dicendum,

2156 3901 2310 3973 alique
