<?xml version="1.0" encoding="UTF-8"?>
<!DOCTYPE html PUBLIC "-//W3C//DTD XHTML 1.0 Transitional//EN"
    "http://www.w3.org/TR/xhtml1/DTD/xhtml1-transitional.dtd">
<html xmlns="http://www.w3.org/1999/xhtml" xml:lang="en" lang="en">
 <head>
  <title>
</title>
<meta http-equiv="Content-Type" content="text/html;charset=utf-8" />
  <meta name='ocr-system' content='tesseract 3.04.00' />
  <meta name='ocr-capabilities' content='ocr_page ocr_carea ocr_par ocr_line ocrx_word'/>
</head>
<body>
  <div class='ocr_page' id='page_1' title='image "./euphormionislus00barcgoog_0565.png"; bbox 0 0 2738 4475; ppageno 0'>
   <div class='ocr_carea' id='block_1_1' title="bbox 880 268 2262 366">
    <p class='ocr_par' dir='ltr' id='par_1_1' title="bbox 880 268 2262 366">
     <span class='ocr_line' id='line_1_1' title="bbox 880 268 2262 366; baseline -0.012 -12"><span class='ocrx_word' id='word_1_1' title='bbox 880 280 937 354; x_wconf 83' lang='grc' dir='ltr'><strong>Ρ</strong></span> <span class='ocrx_word' id='word_1_2' title='bbox 1042 300 1091 349; x_wconf 68' lang='grc' dir='ltr'><strong>Δ</strong></span> <span class='ocrx_word' id='word_1_3' title='bbox 1192 299 1253 348; x_wconf 71' lang='grc' dir='ltr'>ιι</span> <span class='ocrx_word' id='word_1_4' title='bbox 1335 300 1386 347; x_wconf 77' lang='lat' dir='ltr'>-s</span> <span class='ocrx_word' id='word_1_5' title='bbox 1474 272 1623 346; x_wconf 85' lang='lat' dir='ltr'>IV.</span> <span class='ocrx_word' id='word_1_6' title='bbox 1850 307 1853 312; x_wconf 92' lang='lat'><em>·</em></span> <span class='ocrx_word' id='word_1_7' title='bbox 2099 268 2262 366; x_wconf 81' lang='lat'>499&#39;</span> 
     </span>
    </p>
   </div>
   <div class='ocr_carea' id='block_1_2' title="bbox 185 382 2328 3970">
    <p class='ocr_par' dir='ltr' id='par_1_2' title="bbox 191 382 2328 1998">
     <span class='ocr_line' id='line_1_2' title="bbox 213 382 2244 507; baseline -0.013 -23"><span class='ocrx_word' id='word_1_8' title='bbox 213 405 416 507; x_wconf 81' lang='lat' dir='ltr'>magis</span> <span class='ocrx_word' id='word_1_9' title='bbox 432 402 604 485; x_wconf 79' lang='lat' dir='ltr'>anxii</span> <span class='ocrx_word' id='word_1_10' title='bbox 624 419 728 473; x_wconf 81' lang='lat' dir='ltr'>aut</span> <span class='ocrx_word' id='word_1_11' title='bbox 750 400 1042 497; x_wconf 79' lang='lat' dir='ltr'>perpetui</span> <span class='ocrx_word' id='word_1_12' title='bbox 1062 419 1276 471; x_wconf 86' lang='lat' dir='ltr'>motus</span> <span class='ocrx_word' id='word_1_13' title='bbox 1296 394 1437 467; x_wconf 89' lang='lat' dir='ltr'>sunt</span> <span class='ocrx_word' id='word_1_14' title='bbox 1456 442 1480 478; x_wconf 88' lang='lat'>‚</span> <span class='ocrx_word' id='word_1_15' title='bbox 1515 416 1709 493; x_wconf 61' lang='lat' dir='ltr'>quam</span> <span class='ocrx_word' id='word_1_16' title='bbox 1753 382 2092 460; x_wconf 85' lang='lat' dir='ltr'>hominum</span> <span class='ocrx_word' id='word_1_17' title='bbox 2111 410 2244 458; x_wconf 87' lang='lat' dir='ltr'>non</span> 
     </span>
     <span class='ocr_line' id='line_1_3' title="bbox 214 484 2245 605; baseline -0.012 -26"><span class='ocrx_word' id='word_1_18' title='bbox 214 530 345 579; x_wconf 88' lang='lat' dir='ltr'>tam</span> <span class='ocrx_word' id='word_1_19' title='bbox 376 503 796 605; x_wconf 77' lang='lat' dir='ltr'>quaerentium</span> <span class='ocrx_word' id='word_1_20' title='bbox 829 498 1126 595; x_wconf 78' lang='lat' dir='ltr'>laudem,</span> <span class='ocrx_word' id='word_1_21' title='bbox 1163 521 1354 597; x_wconf 84' lang='lat' dir='ltr'>quarn</span> <span class='ocrx_word' id='word_1_22' title='bbox 1390 495 1555 564; x_wconf 81' lang='lat' dir='ltr'>hanc</span> <span class='ocrx_word' id='word_1_23' title='bbox 1593 489 1707 563; x_wconf 83' lang='lat' dir='ltr'>fibi</span> <span class='ocrx_word' id='word_1_24' title='bbox 1737 487 1956 560; x_wconf 86' lang='lat' dir='ltr'>deberi</span> <span class='ocrx_word' id='word_1_25' title='bbox 1979 484 2245 557; x_wconf 89' lang='lat' dir='ltr'>creden-</span> 
     </span>
     <span class='ocr_line' id='line_1_4' title="bbox 213 586 2249 693; baseline -0.012 -15"><span class='ocrx_word' id='word_1_26' title='bbox 213 610 395 678; x_wconf 86' lang='lat' dir='ltr'>tium.</span> <span class='ocrx_word' id='word_1_27' title='bbox 449 608 539 677; x_wconf 82' lang='lat' dir='ltr'>Et</span> <span class='ocrx_word' id='word_1_28' title='bbox 561 599 892 673; x_wconf 87' lang='lat' dir='ltr'>contemni</span> <span class='ocrx_word' id='word_1_29' title='bbox 910 597 971 670; x_wconf 86' lang='lat' dir='ltr'>se</span> <span class='ocrx_word' id='word_1_30' title='bbox 991 594 1177 670; x_wconf 82' lang='lat' dir='ltr'>facile</span> <span class='ocrx_word' id='word_1_31' title='bbox 1196 593 1580 693; x_wconf 83' lang='lat' dir='ltr'>suspicantur</span> <span class='ocrx_word' id='word_1_32' title='bbox 1597 639 1621 672; x_wconf 87' lang='lat'>‚</span> <span class='ocrx_word' id='word_1_33' title='bbox 1667 598 1732 663; x_wconf 76' lang='grc' dir='ltr'>δι</span> <span class='ocrx_word' id='word_1_34' title='bbox 1755 586 1923 660; x_wconf 87' lang='lat' dir='ltr'>hanc</span> <span class='ocrx_word' id='word_1_35' title='bbox 1944 587 2249 668; x_wconf 81' lang='lat' dir='ltr'>aliorum,</span> 
     </span>
     <span class='ocr_line' id='line_1_5' title="bbox 212 685 2247 803; baseline -0.011 -25"><span class='ocrx_word' id='word_1_36' title='bbox 212 727 281 779; x_wconf 90' lang='lat' dir='ltr'>ut</span> <span class='ocrx_word' id='word_1_37' title='bbox 300 724 549 803; x_wconf 82' lang='lat' dir='ltr'>putant,</span> <span class='ocrx_word' id='word_1_38' title='bbox 570 700 1038 773; x_wconf 84' lang='lat' dir='ltr'>contumaciam</span> <span class='ocrx_word' id='word_1_39' title='bbox 1061 755 1083 783; x_wconf 87' lang='lat'><em>,</em></span> <span class='ocrx_word' id='word_1_40' title='bbox 1102 699 1170 768; x_wconf 82' lang='lat' dir='ltr'>in</span> <span class='ocrx_word' id='word_1_41' title='bbox 1192 694 1255 767; x_wconf 88' lang='lat' dir='ltr'>se</span> <span class='ocrx_word' id='word_1_42' title='bbox 1273 690 1680 768; x_wconf 83' lang='lat' dir='ltr'>acerbissimis</span> <span class='ocrx_word' id='word_1_43' title='bbox 1703 689 1868 761; x_wconf 85' lang='lat' dir='ltr'>curis</span> <span class='ocrx_word' id='word_1_44' title='bbox 1886 685 2247 758; x_wconf 82' lang='lat' dir='ltr'>vindicant.</span> 
     </span>
     <span class='ocr_line' id='line_1_6' title="bbox 212 789 2242 899; baseline -0.012 -23"><span class='ocrx_word' id='word_1_45' title='bbox 212 809 359 899; x_wconf 81' lang='lat' dir='ltr'>Jam</span> <span class='ocrx_word' id='word_1_46' title='bbox 377 801 484 873; x_wconf 82' lang='lat' dir='ltr'>sua</span> <span class='ocrx_word' id='word_1_47' title='bbox 502 801 653 872; x_wconf 78' lang='lat' dir='ltr'>vitia</span> <span class='ocrx_word' id='word_1_48' title='bbox 674 798 996 879; x_wconf 86' lang='lat' dir='ltr'>nesciunt,</span> <span class='ocrx_word' id='word_1_49' title='bbox 1038 800 1167 890; x_wconf 82' lang='lat' dir='ltr'>jam</span> <span class='ocrx_word' id='word_1_50' title='bbox 1202 796 1470 867; x_wconf 85' lang='lat' dir='ltr'>virtutes</span> <span class='ocrx_word' id='word_1_51' title='bbox 1509 795 1795 861; x_wconf 74' lang='lat' dir='ltr'>aliorum.</span> <span class='ocrx_word' id='word_1_52' title='bbox 1869 795 1968 857; x_wconf 77' lang='lat' dir='ltr'>lta</span> <span class='ocrx_word' id='word_1_53' title='bbox 2012 789 2242 881; x_wconf 76' lang='lat' dir='ltr'>captis,</span> 
     </span>
     <span class='ocr_line' id='line_1_7' title="bbox 212 883 2246 1002; baseline -0.01 -28"><span class='ocrx_word' id='word_1_54' title='bbox 212 908 417 1002; x_wconf 81' lang='lat' dir='ltr'>pietas</span> <span class='ocrx_word' id='word_1_55' title='bbox 437 958 458 986; x_wconf 83' lang='lat'><em>,</em></span> <span class='ocrx_word' id='word_1_56' title='bbox 496 897 653 973; x_wconf 83' lang='lat' dir='ltr'>fides</span> <span class='ocrx_word' id='word_1_57' title='bbox 673 950 695 983; x_wconf 83' lang='lat'><strong>,</strong></span> <span class='ocrx_word' id='word_1_58' title='bbox 735 907 802 973; x_wconf 76' lang='grc' dir='ltr'>δε</span> <span class='ocrx_word' id='word_1_59' title='bbox 842 896 1153 1000; x_wconf 82' lang='lat' dir='ltr'>quidquid</span> <span class='ocrx_word' id='word_1_60' title='bbox 1174 896 1239 967; x_wconf 87' lang='lat' dir='ltr'>in</span> <span class='ocrx_word' id='word_1_61' title='bbox 1260 894 1629 965; x_wconf 79' lang='lat' dir='ltr'>hominibus</span> <span class='ocrx_word' id='word_1_62' title='bbox 1655 889 1886 959; x_wconf 55' lang='lat' dir='ltr'>{iterum</span> <span class='ocrx_word' id='word_1_63' title='bbox 1908 939 1926 967; x_wconf 81' lang='lat'>,</span> <span class='ocrx_word' id='word_1_64' title='bbox 1966 885 2130 955; x_wconf 75' lang='lat' dir='ltr'>infra</span> <span class='ocrx_word' id='word_1_65' title='bbox 2162 883 2246 955; x_wconf 79' lang='lat' dir='ltr'>fa-</span> 
     </span>
     <span class='ocr_line' id='line_1_8' title="bbox 219 985 2328 1097; baseline -0.011 -23"><span class='ocrx_word' id='word_1_66' title='bbox 219 1027 391 1074; x_wconf 82' lang='lat' dir='ltr'>mam</span> <span class='ocrx_word' id='word_1_67' title='bbox 427 1000 867 1097; x_wconf 88' lang='lat' dir='ltr'>honorumque</span> <span class='ocrx_word' id='word_1_68' title='bbox 899 996 1316 1096; x_wconf 80' lang='lat' dir='ltr'>cupiditatem</span> <span class='ocrx_word' id='word_1_69' title='bbox 1352 995 1543 1087; x_wconf 87' lang='lat' dir='ltr'>jacet.</span> <span class='ocrx_word' id='word_1_70' title='bbox 1621 997 2084 1083; x_wconf 75' lang='lat' dir='ltr'>Qantumque</span> <span class='ocrx_word' id='word_1_71' title='bbox 2112 985 2248 1055; x_wconf 82' lang='lat' dir='ltr'>suc-</span> <span class='ocrx_word' id='word_1_72' title='bbox 2314 1024 2328 1037; x_wconf 86' lang='lat'><strong>·</strong></span> 
     </span>
     <span class='ocr_line' id='line_1_9' title="bbox 218 1083 2252 1197; baseline -0.01 -24"><span class='ocrx_word' id='word_1_73' title='bbox 218 1099 499 1184; x_wconf 73' lang='lat' dir='ltr'>cesserit,</span> <span class='ocrx_word' id='word_1_74' title='bbox 521 1100 677 1173; x_wconf 84' lang='lat' dir='ltr'>nihil</span> <span class='ocrx_word' id='word_1_75' title='bbox 696 1100 825 1171; x_wconf 87' lang='lat' dir='ltr'>illis</span> <span class='ocrx_word' id='word_1_76' title='bbox 843 1098 908 1170; x_wconf 83' lang='lat' dir='ltr'>in</span> <span class='ocrx_word' id='word_1_77' title='bbox 927 1098 1212 1197; x_wconf 85' lang='lat' dir='ltr'>quietem</span> <span class='ocrx_word' id='word_1_78' title='bbox 1232 1090 1327 1167; x_wconf 87' lang='lat' dir='ltr'>est</span> <span class='ocrx_word' id='word_1_79' title='bbox 1347 1150 1368 1179; x_wconf 86' lang='lat'>‚</span> <span class='ocrx_word' id='word_1_80' title='bbox 1409 1090 1513 1163; x_wconf 88' lang='lat' dir='ltr'>sed</span> <span class='ocrx_word' id='word_1_81' title='bbox 1535 1095 1597 1159; x_wconf 79' lang='lat' dir='ltr'>in</span> <span class='ocrx_word' id='word_1_82' title='bbox 1619 1115 1814 1159; x_wconf 76' lang='lat' dir='ltr'>novas</span> <span class='ocrx_word' id='word_1_83' title='bbox 1839 1087 1976 1183; x_wconf 82' lang='lat' dir='ltr'>spes</span> <span class='ocrx_word' id='word_1_84' title='bbox 2000 1145 2014 1169; x_wconf 88' lang='lat'>‚</span> <span class='ocrx_word' id='word_1_85' title='bbox 2044 1083 2252 1183; x_wconf 75' lang='lat' dir='ltr'>pejus-</span> 
     </span>
     <span class='ocr_line' id='line_1_10' title="bbox 211 1183 2242 1300; baseline -0.009 -28"><span class='ocrx_word' id='word_1_86' title='bbox 211 1227 338 1300; x_wconf 86' lang='lat' dir='ltr'>que</span> <span class='ocrx_word' id='word_1_87' title='bbox 371 1203 618 1273; x_wconf 83' lang='lat' dir='ltr'>animos</span> <span class='ocrx_word' id='word_1_88' title='bbox 656 1199 1040 1271; x_wconf 62' lang='lat' dir='ltr'>diduRuras.</span> <span class='ocrx_word' id='word_1_89' title='bbox 1111 1196 1240 1268; x_wconf 89' lang='lat' dir='ltr'>Sed</span> <span class='ocrx_word' id='word_1_90' title='bbox 1271 1194 1545 1281; x_wconf 79' lang='lat' dir='ltr'>atrocius</span> <span class='ocrx_word' id='word_1_91' title='bbox 1571 1191 1944 1287; x_wconf 70' lang='lat' dir='ltr'>supplicium</span> <span class='ocrx_word' id='word_1_92' title='bbox 1972 1213 2100 1257; x_wconf 82' lang='lat' dir='ltr'>non</span> <span class='ocrx_word' id='word_1_93' title='bbox 2122 1183 2242 1263; x_wconf 82' lang='lat' dir='ltr'>est,</span> 
     </span>
     <span class='ocr_line' id='line_1_11' title="bbox 197 1285 2250 1469; baseline -0.008 -98"><span class='ocrx_word' id='word_1_94' title='bbox 197 1326 399 1469; x_wconf 69' lang='lat' dir='ltr'>lquam</span> <span class='ocrx_word' id='word_1_95' title='bbox 441 1325 591 1372; x_wconf 87' lang='lat' dir='ltr'>cum</span> <span class='ocrx_word' id='word_1_96' title='bbox 628 1297 913 1396; x_wconf 85' lang='lat' dir='ltr'>superbia</span> <span class='ocrx_word' id='word_1_97' title='bbox 946 1297 1285 1368; x_wconf 84' lang='lat' dir='ltr'>hominem</span> <span class='ocrx_word' id='word_1_98' title='bbox 1322 1291 1533 1389; x_wconf 76' lang='lat' dir='ltr'>pavidi</span> <span class='ocrx_word' id='word_1_99' title='bbox 1571 1318 1639 1358; x_wconf 80' lang='lat' dir='ltr'>ac</span> <span class='ocrx_word' id='word_1_100' title='bbox 1679 1289 1996 1360; x_wconf 74' lang='lat' dir='ltr'>muliebris</span> <span class='ocrx_word' id='word_1_101' title='bbox 2050 1285 2250 1356; x_wconf 77' lang='lat' dir='ltr'>animi</span> 
     </span>
     <span class='ocr_line' id='line_1_12' title="bbox 235 1384 2246 1496; baseline -0.008 -25"><span class='ocrx_word' id='word_1_102' title='bbox 235 1400 390 1472; x_wconf 87' lang='lat' dir='ltr'>ubit.</span> <span class='ocrx_word' id='word_1_103' title='bbox 463 1404 658 1470; x_wconf 89' lang='lat' dir='ltr'>Tunc</span> <span class='ocrx_word' id='word_1_104' title='bbox 689 1398 929 1496; x_wconf 86' lang='lat' dir='ltr'>pudore</span> <span class='ocrx_word' id='word_1_105' title='bbox 960 1393 1209 1468; x_wconf 86' lang='lat' dir='ltr'>scilicet</span> <span class='ocrx_word' id='word_1_106' title='bbox 1238 1411 1431 1487; x_wconf 78' lang='lat' dir='ltr'>atque</span> <span class='ocrx_word' id='word_1_107' title='bbox 1469 1415 1641 1461; x_wconf 77' lang='lat' dir='ltr'>mem</span> <span class='ocrx_word' id='word_1_108' title='bbox 1681 1390 2012 1458; x_wconf 77' lang='lat' dir='ltr'>cohibetur</span> <span class='ocrx_word' id='word_1_109' title='bbox 2034 1384 2246 1456; x_wconf 73' lang='lat' dir='ltr'>insana</span> 
     </span>
     <span class='ocr_line' id='line_1_13' title="bbox 200 1488 2250 1599; baseline -0.009 -28"><span class='ocrx_word' id='word_1_110' title='bbox 200 1499 551 1599; x_wconf 83' lang='lat' dir='ltr'>cupiditas,</span> <span class='ocrx_word' id='word_1_111' title='bbox 570 1498 1003 1592; x_wconf 86' lang='lat' dir='ltr'>interimque,</span> <span class='ocrx_word' id='word_1_112' title='bbox 1042 1512 1156 1591; x_wconf 83' lang='lat' dir='ltr'>per</span> <span class='ocrx_word' id='word_1_113' title='bbox 1189 1514 1507 1585; x_wconf 84' lang='lat' dir='ltr'>tumorem</span> <span class='ocrx_word' id='word_1_114' title='bbox 1547 1492 1797 1558; x_wconf 65' lang='lat' dir='ltr'>anxium</span> <span class='ocrx_word' id='word_1_115' title='bbox 1821 1488 2006 1586; x_wconf 66' lang='lat' dir='ltr'>seque</span> <span class='ocrx_word' id='word_1_116' title='bbox 2032 1490 2250 1556; x_wconf 82' lang='lat' dir='ltr'>celan—</span> 
     </span>
     <span class='ocr_line' id='line_1_14' title="bbox 200 1588 2250 1692; baseline -0.009 -20"><span class='ocrx_word' id='word_1_117' title='bbox 200 1621 345 1671; x_wconf 86' lang='lat' dir='ltr'>tem</span> <span class='ocrx_word' id='word_1_118' title='bbox 366 1646 390 1682; x_wconf 87' lang='lat'><strong>,</strong></span> <span class='ocrx_word' id='word_1_119' title='bbox 422 1593 674 1692; x_wconf 54' lang='lat' dir='ltr'>{seipsa</span> <span class='ocrx_word' id='word_1_120' title='bbox 694 1595 901 1689; x_wconf 83' lang='lat' dir='ltr'>exigit</span> <span class='ocrx_word' id='word_1_121' title='bbox 922 1615 1174 1689; x_wconf 85' lang='lat' dir='ltr'>poenas.</span> <span class='ocrx_word' id='word_1_122' title='bbox 1228 1589 1557 1661; x_wconf 75' lang='lat' dir='ltr'>Caeterum</span> <span class='ocrx_word' id='word_1_123' title='bbox 1593 1590 1725 1658; x_wconf 75' lang='lat' dir='ltr'>haec</span> <span class='ocrx_word' id='word_1_124' title='bbox 1751 1592 1996 1660; x_wconf 75' lang='lat' dir='ltr'>indoles</span> <span class='ocrx_word' id='word_1_125' title='bbox 2026 1588 2250 1656; x_wconf 82' lang='lat' dir='ltr'>amici-</span> 
     </span>
     <span class='ocr_line' id='line_1_15' title="bbox 202 1685 2252 1793; baseline -0.008 -24"><span class='ocrx_word' id='word_1_126' title='bbox 202 1699 322 1768; x_wconf 88' lang='lat' dir='ltr'>tiis</span> <span class='ocrx_word' id='word_1_127' title='bbox 346 1692 954 1793; x_wconf 81' lang='lat' dir='ltr'>inepta‚&amp;ubique</span> <span class='ocrx_word' id='word_1_128' title='bbox 971 1692 1215 1791; x_wconf 80' lang='lat' dir='ltr'>ingrata</span> <span class='ocrx_word' id='word_1_129' title='bbox 1231 1686 1367 1773; x_wconf 87' lang='lat' dir='ltr'>est,</span> <span class='ocrx_word' id='word_1_130' title='bbox 1405 1685 1515 1759; x_wconf 81' lang='lat' dir='ltr'>nifi</span> <span class='ocrx_word' id='word_1_131' title='bbox 1557 1716 1699 1758; x_wconf 79' lang='lat' dir='ltr'>cum</span> <span class='ocrx_word' id='word_1_132' title='bbox 1735 1686 1980 1758; x_wconf 72' lang='lat' dir='ltr'>fortass&#39;e</span> <span class='ocrx_word' id='word_1_133' title='bbox 2018 1694 2252 1784; x_wconf 71' lang='lat' dir='ltr'>Super-</span> 
     </span>
     <span class='ocr_line' id='line_1_16' title="bbox 200 1790 2257 1893; baseline -0.007 -26"><span class='ocrx_word' id='word_1_134' title='bbox 200 1797 388 1869; x_wconf 82' lang='lat' dir='ltr'>biam</span> <span class='ocrx_word' id='word_1_135' title='bbox 425 1790 633 1893; x_wconf 62' lang='lat' dir='ltr'>craffse</span> <span class='ocrx_word' id='word_1_136' title='bbox 672 1811 780 1864; x_wconf 80' lang='lat' dir='ltr'>aut</span> <span class='ocrx_word' id='word_1_137' title='bbox 817 1792 1051 1864; x_wconf 81' lang='lat' dir='ltr'>tertitae</span> <span class='ocrx_word' id='word_1_138' title='bbox 1083 1791 1257 1890; x_wconf 84' lang='lat' dir='ltr'>vulgi</span> <span class='ocrx_word' id='word_1_139' title='bbox 1276 1809 1529 1863; x_wconf 89' lang='lat' dir='ltr'>mentes</span> <span class='ocrx_word' id='word_1_140' title='bbox 1550 1816 1669 1887; x_wconf 75' lang='lat' dir='ltr'>pto</span> <span class='ocrx_word' id='word_1_141' title='bbox 1688 1790 1888 1857; x_wconf 68' lang='lat' dir='ltr'>erthi</span> <span class='ocrx_word' id='word_1_142' title='bbox 1904 1790 2098 1859; x_wconf 78' lang='lat' dir='ltr'>animi</span> <span class='ocrx_word' id='word_1_143' title='bbox 2121 1810 2257 1855; x_wconf 78' lang='lat' dir='ltr'>ma-</span> 
     </span>
     <span class='ocr_line' id='line_1_17' title="bbox 191 1893 1693 1998; baseline -0.005 -31"><span class='ocrx_word' id='word_1_144' title='bbox 191 1893 549 1998; x_wconf 83' lang='lat' dir='ltr'>gnitudine</span> <span class='ocrx_word' id='word_1_145' title='bbox 585 1912 991 1965; x_wconf 84' lang='lat' dir='ltr'>venerantur.</span> <span class='ocrx_word' id='word_1_146' title='bbox 1678 1957 1693 1972; x_wconf 78' lang='grc'><strong><em>,</em></strong></span> 
     </span>
    </p>

    <p class='ocr_par' dir='ltr' id='par_1_3' title="bbox 185 1980 2316 3394">
     <span class='ocr_line' id='line_1_18' title="bbox 305 1980 2258 2087; baseline -0.008 -20"><span class='ocrx_word' id='word_1_147' title='bbox 305 1993 469 2067; x_wconf 88' lang='lat' dir='ltr'>Vile</span> <span class='ocrx_word' id='word_1_148' title='bbox 504 2012 716 2064; x_wconf 79' lang='lat' dir='ltr'>autem</span> <span class='ocrx_word' id='word_1_149' title='bbox 760 1996 831 2062; x_wconf 90' lang='lat'>&amp;</span> <span class='ocrx_word' id='word_1_150' title='bbox 862 1988 1128 2063; x_wconf 85' lang='lat' dir='ltr'>sordidae</span> <span class='ocrx_word' id='word_1_151' title='bbox 1162 1988 1549 2082; x_wconf 70' lang='lat' dir='ltr'>humilitatis</span> <span class='ocrx_word' id='word_1_152' title='bbox 1588 1988 1963 2087; x_wconf 83' lang='lat' dir='ltr'>ingenium,</span> <span class='ocrx_word' id='word_1_153' title='bbox 2004 2006 2073 2057; x_wconf 88' lang='lat' dir='ltr'>ut</span> <span class='ocrx_word' id='word_1_154' title='bbox 2091 1980 2258 2054; x_wconf 85' lang='lat' dir='ltr'>nibil</span> 
     </span>
     <span class='ocr_line' id='line_1_19' title="bbox 189 2081 2257 2192; baseline -0.006 -26"><span class='ocrx_word' id='word_1_155' title='bbox 189 2092 428 2192; x_wconf 84' lang='lat' dir='ltr'>magni</span> <span class='ocrx_word' id='word_1_156' title='bbox 446 2112 621 2164; x_wconf 84' lang='lat' dir='ltr'>curat</span> <span class='ocrx_word' id='word_1_157' title='bbox 641 2149 662 2175; x_wconf 89' lang='lat'><strong>,</strong></span> <span class='ocrx_word' id='word_1_158' title='bbox 700 2093 789 2163; x_wconf 79' lang='lat' dir='ltr'>ita</span> <span class='ocrx_word' id='word_1_159' title='bbox 827 2115 946 2162; x_wconf 90' lang='lat' dir='ltr'>nec</span> <span class='ocrx_word' id='word_1_160' title='bbox 966 2089 1209 2187; x_wconf 72' lang='lat' dir='ltr'>aliquid</span> <span class='ocrx_word' id='word_1_161' title='bbox 1226 2089 1408 2160; x_wconf 74' lang='lat' dir='ltr'>ducit</span> <span class='ocrx_word' id='word_1_162' title='bbox 1425 2088 1764 2185; x_wconf 78' lang='lat' dir='ltr'>indignum</span> <span class='ocrx_word' id='word_1_163' title='bbox 1786 2111 1918 2184; x_wconf 90' lang='lat' dir='ltr'>quo</span> <span class='ocrx_word' id='word_1_164' title='bbox 1938 2081 2058 2154; x_wconf 86' lang='lat' dir='ltr'>suis</span> <span class='ocrx_word' id='word_1_165' title='bbox 2077 2082 2257 2179; x_wconf 87' lang='lat' dir='ltr'>cupi·-</span> 
     </span>
     <span class='ocr_line' id='line_1_20' title="bbox 186 2186 2254 2292; baseline -0.007 -25"><span class='ocrx_word' id='word_1_166' title='bbox 186 2191 504 2278; x_wconf 81' lang='lat' dir='ltr'>ditatibus</span> <span class='ocrx_word' id='word_1_167' title='bbox 535 2189 943 2292; x_wconf 57' lang='lat' dir='ltr'>obsequatur,</span> <span class='ocrx_word' id='word_1_168' title='bbox 999 2188 1469 2263; x_wconf 47' lang='lat' dir='ltr'>Gudi‘ttautem</span> <span class='ocrx_word' id='word_1_169' title='bbox 1507 2188 1635 2258; x_wconf 90' lang='lat' dir='ltr'>ocii</span> <span class='ocrx_word' id='word_1_170' title='bbox 1672 2186 2012 2266; x_wconf 81' lang='lat' dir='ltr'>inertiam,</span> <span class='ocrx_word' id='word_1_171' title='bbox 2058 2202 2254 2281; x_wconf 84' lang='lat' dir='ltr'>atque</span> 
     </span>
     <span class='ocr_line' id='line_1_21' title="bbox 185 2280 2249 2394; baseline -0.009 -25"><span class='ocrx_word' id='word_1_172' title='bbox 185 2299 628 2394; x_wconf 80' lang='lat' dir='ltr'>languorem,</span> <span class='ocrx_word' id='word_1_173' title='bbox 667 2301 734 2367; x_wconf 78' lang='grc' dir='ltr'>δε</span> <span class='ocrx_word' id='word_1_174' title='bbox 775 2310 1109 2365; x_wconf 66' lang='lat' dir='ltr'>veternum</span> <span class='ocrx_word' id='word_1_175' title='bbox 1145 2291 1488 2385; x_wconf 65' lang='lat' dir='ltr'>voluptatu</span> <span class='ocrx_word' id='word_1_176' title='bbox 1576 2332 1599 2366; x_wconf 88' lang='lat'>,</span> <span class='ocrx_word' id='word_1_177' title='bbox 1640 2287 1740 2358; x_wconf 88' lang='lat' dir='ltr'>vel</span> <span class='ocrx_word' id='word_1_178' title='bbox 1763 2283 1989 2382; x_wconf 84' lang='lat' dir='ltr'>opibus</span> <span class='ocrx_word' id='word_1_179' title='bbox 2012 2280 2249 2362; x_wconf 80' lang='lat' dir='ltr'>inhiat,</span> 
     </span>
     <span class='ocr_line' id='line_1_22' title="bbox 190 2389 2316 2488; baseline -0.009 -19"><span class='ocrx_word' id='word_1_180' title='bbox 190 2394 560 2469; x_wconf 80' lang='lat' dir='ltr'>tristiffimo</span> <span class='ocrx_word' id='word_1_181' title='bbox 575 2394 797 2467; x_wconf 82' lang='lat' dir='ltr'>ardore</span> <span class='ocrx_word' id='word_1_182' title='bbox 814 2451 837 2479; x_wconf 88' lang='lat'><em>,</em></span> <span class='ocrx_word' id='word_1_183' title='bbox 858 2390 1293 2488; x_wconf 8' lang='lat' dir='ltr'>&amp;etam-partis</span> <span class='ocrx_word' id='word_1_184' title='bbox 1317 2412 1521 2485; x_wconf 77' lang='lat' dir='ltr'>quam·</span> <span class='ocrx_word' id='word_1_185' title='bbox 1579 2389 1886 2458; x_wconf 85' lang='lat' dir='ltr'>uaerendis</span> <span class='ocrx_word' id='word_1_186' title='bbox 1906 2408 2038 2454; x_wconf 86' lang='lat' dir='ltr'>non</span> <span class='ocrx_word' id='word_1_187' title='bbox 2059 2405 2260 2452; x_wconf 86' lang='lat' dir='ltr'>uten-</span> <span class='ocrx_word' id='word_1_188' title='bbox 2313 2466 2316 2467; x_wconf 7' lang='grc' dir='ltr'><em>ἢ</em></span> 
     </span>
     <span class='ocr_line' id='line_1_23' title="bbox 192 2481 2252 2590; baseline -0.009 -21"><span class='ocrx_word' id='word_1_189' title='bbox 192 2519 290 2569; x_wconf 87' lang='lat' dir='ltr'>te.</span> <span class='ocrx_word' id='word_1_190' title='bbox 370 2494 503 2567; x_wconf 87' lang='lat' dir='ltr'>His</span> <span class='ocrx_word' id='word_1_191' title='bbox 560 2494 1019 2590; x_wconf 77' lang='lat' dir='ltr'>utplurimum</span> <span class='ocrx_word' id='word_1_192' title='bbox 1063 2487 1349 2561; x_wconf 84' lang='lat' dir='ltr'>moribus</span> <span class='ocrx_word' id='word_1_193' title='bbox 1383 2484 1537 2558; x_wconf 51' lang='lat' dir='ltr'>*ferri</span> <span class='ocrx_word' id='word_1_194' title='bbox 1572 2483 1778 2557; x_wconf 84' lang='lat' dir='ltr'>solent</span> <span class='ocrx_word' id='word_1_195' title='bbox 1807 2484 2083 2574; x_wconf 63' lang='lat' dir='ltr'>abjeffle</span> <span class='ocrx_word' id='word_1_196' title='bbox 2118 2481 2252 2550; x_wconf 81' lang='lat' dir='ltr'>illae</span> 
     </span>
     <span class='ocr_line' id='line_1_24' title="bbox 198 2577 2256 2689; baseline -0.01 -22"><span class='ocrx_word' id='word_1_197' title='bbox 198 2612 486 2670; x_wconf 86' lang='lat' dir='ltr'>mentes.</span> <span class='ocrx_word' id='word_1_198' title='bbox 544 2593 616 2664; x_wconf 89' lang='lat' dir='ltr'>Si</span> <span class='ocrx_word' id='word_1_199' title='bbox 648 2592 727 2663; x_wconf 82' lang='lat' dir='ltr'>ad</span> <span class='ocrx_word' id='word_1_200' title='bbox 757 2612 1009 2689; x_wconf 83' lang='lat' dir='ltr'>tempus</span> <span class='ocrx_word' id='word_1_201' title='bbox 1029 2585 1395 2660; x_wconf 87' lang='lat' dir='ltr'>sublimibus</span> <span class='ocrx_word' id='word_1_202' title='bbox 1413 2586 1768 2657; x_wconf 77' lang='lat' dir='ltr'>excitantur</span> <span class='ocrx_word' id='word_1_203' title='bbox 1787 2580 2067 2656; x_wconf 67' lang='lat' dir='ltr'>consiliis</span> <span class='ocrx_word' id='word_1_204' title='bbox 2091 2624 2114 2657; x_wconf 86' lang='lat'>‚</span> <span class='ocrx_word' id='word_1_205' title='bbox 2148 2577 2256 2648; x_wconf 82' lang='lat' dir='ltr'>vi·-</span> 
     </span>
     <span class='ocr_line' id='line_1_25' title="bbox 204 2670 2255 2789; baseline -0.009 -26"><span class='ocrx_word' id='word_1_206' title='bbox 204 2693 575 2789; x_wconf 80' lang='lat' dir='ltr'>denturque</span> <span class='ocrx_word' id='word_1_207' title='bbox 598 2691 830 2762; x_wconf 80' lang='lat' dir='ltr'>rationi</span> <span class='ocrx_word' id='word_1_208' title='bbox 850 2685 1122 2761; x_wconf 72' lang='lat' dir='ltr'>annuiss‘e</span> <span class='ocrx_word' id='word_1_209' title='bbox 1138 2735 1161 2768; x_wconf 85' lang='lat'>‚</span> <span class='ocrx_word' id='word_1_210' title='bbox 1184 2686 1398 2759; x_wconf 87' lang='lat' dir='ltr'>statim</span> <span class='ocrx_word' id='word_1_211' title='bbox 1416 2685 1675 2770; x_wconf 84' lang='lat' dir='ltr'>naturali</span> <span class='ocrx_word' id='word_1_212' title='bbox 1696 2705 1958 2782; x_wconf 85' lang='lat' dir='ltr'>torpore</span> <span class='ocrx_word' id='word_1_213' title='bbox 1972 2677 2097 2750; x_wconf 85' lang='lat' dir='ltr'>suis</span> <span class='ocrx_word' id='word_1_214' title='bbox 2117 2670 2255 2745; x_wconf 86' lang='lat' dir='ltr'>sor-</span> 
     </span>
     <span class='ocr_line' id='line_1_26' title="bbox 207 2774 2252 2883; baseline -0.01 -18"><span class='ocrx_word' id='word_1_215' title='bbox 207 2789 403 2865; x_wconf 85' lang='lat' dir='ltr'>dibus</span> <span class='ocrx_word' id='word_1_216' title='bbox 443 2788 677 2862; x_wconf 88' lang='lat' dir='ltr'>redditi</span> <span class='ocrx_word' id='word_1_217' title='bbox 711 2791 945 2883; x_wconf 67' lang='lat' dir='ltr'>jacent2</span> <span class='ocrx_word' id='word_1_218' title='bbox 1015 2794 1098 2861; x_wconf 90' lang='lat' dir='ltr'>In</span> <span class='ocrx_word' id='word_1_219' title='bbox 1130 2787 1294 2859; x_wconf 86' lang='lat' dir='ltr'>hanc</span> <span class='ocrx_word' id='word_1_220' title='bbox 1314 2784 1602 2859; x_wconf 87' lang='lat' dir='ltr'>indolem</span> <span class='ocrx_word' id='word_1_221' title='bbox 1625 2781 1960 2883; x_wconf 85' lang='lat' dir='ltr'>moresque</span> <span class='ocrx_word' id='word_1_222' title='bbox 1980 2774 2252 2872; x_wconf 71' lang='lat' dir='ltr'>dejeffi,</span> 
     </span>
     <span class='ocr_line' id='line_1_27' title="bbox 205 2873 2252 2989; baseline -0.007 -24"><span class='ocrx_word' id='word_1_223' title='bbox 205 2917 349 2965; x_wconf 83' lang='lat' dir='ltr'>non</span> <span class='ocrx_word' id='word_1_224' title='bbox 370 2889 448 2964; x_wconf 82' lang='lat' dir='ltr'>ad</span> <span class='ocrx_word' id='word_1_225' title='bbox 467 2889 912 2989; x_wconf 80' lang='lat' dir='ltr'>imperandum</span> <span class='ocrx_word' id='word_1_226' title='bbox 932 2890 1067 2961; x_wconf 81' lang='lat' dir='ltr'>nati</span> <span class='ocrx_word' id='word_1_227' title='bbox 1083 2885 1222 2959; x_wconf 89' lang='lat' dir='ltr'>sunt</span> <span class='ocrx_word' id='word_1_228' title='bbox 1243 2911 1265 2969; x_wconf 81' lang='lat'><em>3</em></span> <span class='ocrx_word' id='word_1_229' title='bbox 1288 2911 1358 2959; x_wconf 81' lang='lat' dir='ltr'>ac</span> <span class='ocrx_word' id='word_1_230' title='bbox 1378 2912 1461 2980; x_wconf 85' lang='lat' dir='ltr'>ne</span> <span class='ocrx_word' id='word_1_231' title='bbox 1482 2886 1742 2986; x_wconf 84' lang='lat' dir='ltr'>quidem</span> <span class='ocrx_word' id='word_1_232' title='bbox 1761 2879 2150 2956; x_wconf 86' lang='lat' dir='ltr'>commodos</span> <span class='ocrx_word' id='word_1_233' title='bbox 2168 2873 2252 2950; x_wconf 85' lang='lat' dir='ltr'>ad</span> 
     </span>
     <span class='ocr_line' id='line_1_28' title="bbox 196 2975 2240 3093; baseline -0.009 -29"><span class='ocrx_word' id='word_1_234' title='bbox 196 2989 513 3093; x_wconf 85' lang='lat' dir='ltr'>obsequia</span> <span class='ocrx_word' id='word_1_235' title='bbox 549 2988 898 3064; x_wconf 84' lang='lat' dir='ltr'>credideris</span> <span class='ocrx_word' id='word_1_236' title='bbox 913 3044 937 3074; x_wconf 88' lang='lat'>‚</span> <span class='ocrx_word' id='word_1_237' title='bbox 989 3013 1137 3060; x_wconf 89' lang='lat' dir='ltr'>cum</span> <span class='ocrx_word' id='word_1_238' title='bbox 1157 2989 1283 3058; x_wconf 87' lang='lat' dir='ltr'>illis</span> <span class='ocrx_word' id='word_1_239' title='bbox 1306 3009 1679 3059; x_wconf 81' lang='lat' dir='ltr'>caeterorum</span> <span class='ocrx_word' id='word_1_240' title='bbox 1699 2987 1895 3057; x_wconf 84' lang='lat' dir='ltr'>virtus</span> <span class='ocrx_word' id='word_1_241' title='bbox 1918 2977 2115 3054; x_wconf 82' lang='lat' dir='ltr'>invisa</span> <span class='ocrx_word' id='word_1_242' title='bbox 2134 2975 2240 3055; x_wconf 86' lang='lat' dir='ltr'>fit,</span> 
     </span>
     <span class='ocr_line' id='line_1_29' title="bbox 201 3076 2261 3193; baseline -0.012 -28"><span class='ocrx_word' id='word_1_243' title='bbox 201 3118 398 3193; x_wconf 85' lang='lat' dir='ltr'>quam</span> <span class='ocrx_word' id='word_1_244' title='bbox 417 3117 548 3164; x_wconf 89' lang='lat' dir='ltr'>non</span> <span class='ocrx_word' id='word_1_245' title='bbox 567 3110 825 3172; x_wconf 77' lang='lat' dir='ltr'>amant,</span> <span class='ocrx_word' id='word_1_246' title='bbox 868 3091 1211 3188; x_wconf 85' lang='lat' dir='ltr'>capiuntve</span> <span class='ocrx_word' id='word_1_247' title='bbox 1227 3132 1252 3169; x_wconf 84' lang='lat'><strong><em>‚</em></strong></span> <span class='ocrx_word' id='word_1_248' title='bbox 1286 3110 1699 3186; x_wconf 11' lang='lat' dir='ltr'>quaeranhtque</span> <span class='ocrx_word' id='word_1_249' title='bbox 1715 3080 2027 3155; x_wconf 76' lang='lat' dir='ltr'>libertatis</span> <span class='ocrx_word' id='word_1_250' title='bbox 2045 3076 2261 3145; x_wconf 86' lang='lat' dir='ltr'>licen-&#39;</span> 
     </span>
     <span class='ocr_line' id='line_1_30' title="bbox 208 3171 2256 3292; baseline -0.019 -14"><span class='ocrx_word' id='word_1_251' title='bbox 208 3196 374 3264; x_wconf 81' lang='lat' dir='ltr'>tiam</span> <span class='ocrx_word' id='word_1_252' title='bbox 395 3239 418 3274; x_wconf 70' lang='lat'><em>2</em></span> <span class='ocrx_word' id='word_1_253' title='bbox 473 3218 596 3292; x_wconf 81' lang='lat' dir='ltr'>qua</span> <span class='ocrx_word' id='word_1_254' title='bbox 628 3193 800 3264; x_wconf 84' lang='lat' dir='ltr'>inter</span> <span class='ocrx_word' id='word_1_255' title='bbox 835 3189 1120 3266; x_wconf 85' lang='lat' dir='ltr'>sordidos</span> <span class='ocrx_word' id='word_1_256' title='bbox 1144 3193 1212 3259; x_wconf 86' lang='lat'>&amp;</span> <span class='ocrx_word' id='word_1_257' title='bbox 1236 3186 1532 3287; x_wconf 81' lang='lat' dir='ltr'>angustos</span> <span class='ocrx_word' id='word_1_258' title='bbox 1554 3182 1819 3258; x_wconf 65' lang='lat' dir='ltr'>affectus</span> <span class='ocrx_word' id='word_1_259' title='bbox 1841 3180 2023 3252; x_wconf 86' lang='lat' dir='ltr'>nullo</span> <span class='ocrx_word' id='word_1_260' title='bbox 2037 3171 2256 3265; x_wconf 77' lang='lat' dir='ltr'>objur-</span> 
     </span>
     <span class='ocr_line' id='line_1_31' title="bbox 209 3288 845 3394; baseline -0.002 -31"><span class='ocrx_word' id='word_1_261' title='bbox 209 3311 415 3394; x_wconf 84' lang='lat' dir='ltr'>gante</span> <span class='ocrx_word' id='word_1_262' title='bbox 439 3288 845 3364; x_wconf 80' lang='lat' dir='ltr'>marcescant.</span> 
     </span>
    </p>

    <p class='ocr_par' dir='ltr' id='par_1_4' title="bbox 199 3384 2270 3938">
     <span class='ocr_line' id='line_1_32' title="bbox 319 3384 2257 3489; baseline -0.009 -26"><span class='ocrx_word' id='word_1_263' title='bbox 319 3388 445 3463; x_wconf 91' lang='lat' dir='ltr'>Sed</span> <span class='ocrx_word' id='word_1_264' title='bbox 466 3392 634 3461; x_wconf 86' lang='lat' dir='ltr'>vitiis</span> <span class='ocrx_word' id='word_1_265' title='bbox 652 3387 987 3489; x_wconf 83' lang='lat' dir='ltr'>saepiffime</span> <span class='ocrx_word' id='word_1_266' title='bbox 1007 3385 1318 3465; x_wconf 81' lang='lat' dir='ltr'>favemus,</span> <span class='ocrx_word' id='word_1_267' title='bbox 1341 3393 1407 3458; x_wconf 86' lang='lat'>&amp;</span> <span class='ocrx_word' id='word_1_268' title='bbox 1427 3385 1494 3455; x_wconf 90' lang='lat' dir='ltr'>in</span> <span class='ocrx_word' id='word_1_269' title='bbox 1508 3384 1815 3454; x_wconf 88' lang='lat' dir='ltr'>virtutum</span> <span class='ocrx_word' id='word_1_270' title='bbox 1839 3397 2257 3472; x_wconf 53' lang='lat' dir='ltr'>nomenque</span> 
     </span>
     <span class='ocr_line' id='line_1_33' title="bbox 206 3474 2261 3590; baseline -0.01 -27"><span class='ocrx_word' id='word_1_271' title='bbox 206 3491 533 3590; x_wconf 75' lang='lat' dir='ltr'>proximae</span> <span class='ocrx_word' id='word_1_272' title='bbox 569 3491 693 3561; x_wconf 88' lang='lat' dir='ltr'>illis</span> <span class='ocrx_word' id='word_1_273' title='bbox 733 3490 909 3573; x_wconf 86' lang='lat' dir='ltr'>sunt,</span> <span class='ocrx_word' id='word_1_274' title='bbox 949 3489 1355 3585; x_wconf 85' lang='lat' dir='ltr'>adoptamus.</span> <span class='ocrx_word' id='word_1_275' title='bbox 1437 3490 1536 3553; x_wconf 83' lang='lat' dir='ltr'>lta</span> <span class='ocrx_word' id='word_1_276' title='bbox 1569 3483 1896 3554; x_wconf 84' lang='lat' dir='ltr'>temeritas</span> <span class='ocrx_word' id='word_1_277' title='bbox 1935 3474 2261 3549; x_wconf 84' lang='lat' dir='ltr'>interdum</span> 
     </span>
     <span class='ocr_line' id='line_1_34' title="bbox 205 3575 2264 3691; baseline -0.009 -30"><span class='ocrx_word' id='word_1_278' title='bbox 205 3616 337 3691; x_wconf 83' lang='lat' dir='ltr'>pro</span> <span class='ocrx_word' id='word_1_279' title='bbox 356 3586 731 3667; x_wconf 81' lang='lat' dir='ltr'>fortitudine</span> <span class='ocrx_word' id='word_1_280' title='bbox 750 3591 983 3663; x_wconf 86' lang='lat' dir='ltr'>colitur</span> <span class='ocrx_word' id='word_1_281' title='bbox 1003 3636 1028 3673; x_wconf 88' lang='lat'>,</span> <span class='ocrx_word' id='word_1_282' title='bbox 1081 3595 1149 3660; x_wconf 85' lang='lat'>&amp;</span> <span class='ocrx_word' id='word_1_283' title='bbox 1182 3581 1538 3685; x_wconf 63' lang='lat' dir='ltr'>superbiam</span> <span class='ocrx_word' id='word_1_284' title='bbox 1565 3584 1803 3655; x_wconf 64' lang='lat' dir='ltr'>erefitae</span> <span class='ocrx_word' id='word_1_285' title='bbox 1827 3575 2144 3673; x_wconf 83' lang='lat' dir='ltr'>virilisque</span> <span class='ocrx_word' id='word_1_286' title='bbox 2164 3576 2264 3651; x_wconf 84' lang='lat' dir='ltr'>in-</span> 
     </span>
     <span class='ocr_line' id='line_1_35' title="bbox 202 3674 2269 3781; baseline -0.01 -18"><span class='ocrx_word' id='word_1_287' title='bbox 202 3690 385 3763; x_wconf 83' lang='lat' dir='ltr'>dolis</span> <span class='ocrx_word' id='word_1_288' title='bbox 399 3691 607 3762; x_wconf 82' lang='lat' dir='ltr'>titulis</span> <span class='ocrx_word' id='word_1_289' title='bbox 626 3687 1050 3767; x_wconf 81' lang='lat' dir='ltr'>admiscemus</span> <span class='ocrx_word' id='word_1_290' title='bbox 1080 3735 1103 3770; x_wconf 83' lang='lat'>‚</span> <span class='ocrx_word' id='word_1_291' title='bbox 1133 3682 1476 3781; x_wconf 66' lang='lat' dir='ltr'>transitque</span> <span class='ocrx_word' id='word_1_292' title='bbox 1517 3682 1644 3754; x_wconf 88' lang='lat' dir='ltr'>boc</span> <span class='ocrx_word' id='word_1_293' title='bbox 1667 3677 1864 3754; x_wconf 84' lang='lat' dir='ltr'>foedae</span> <span class='ocrx_word' id='word_1_294' title='bbox 1885 3674 2269 3748; x_wconf 83' lang='lat' dir='ltr'>humilitatis</span> 
     </span>
     <span class='ocr_line' id='line_1_36' title="bbox 199 3769 2270 3938; baseline -0.008 -75"><span class='ocrx_word' id='word_1_295' title='bbox 199 3791 643 3894; x_wconf 78' lang='lat' dir='ltr'>ingeniumin</span> <span class='ocrx_word' id='word_1_296' title='bbox 661 3786 1080 3868; x_wconf 70' lang='lat' dir='ltr'>humanitatis</span> <span class='ocrx_word' id='word_1_297' title='bbox 1099 3786 1352 3863; x_wconf 84' lang='lat' dir='ltr'>colores</span> <span class='ocrx_word' id='word_1_298' title='bbox 1373 3837 1394 3867; x_wconf 90' lang='lat'>,</span> <span class='ocrx_word' id='word_1_299' title='bbox 1432 3790 1500 3870; x_wconf 60' lang='grc' dir='ltr'>ει</span> <span class='ocrx_word' id='word_1_300' title='bbox 1533 3784 1739 3858; x_wconf 82' lang='lat' dir='ltr'>veluti</span> <span class='ocrx_word' id='word_1_301' title='bbox 1752 3769 2270 3938; x_wconf 54' lang='lat' dir='ltr'>‚refiaePhilolso-</span> 
     </span>
    </p>

    <p class='ocr_par' dir='ltr' id='par_1_5' title="bbox 270 3871 2321 3970">
     <span class='ocr_line' id='line_1_37' title="bbox 270 3871 2321 3970; baseline -0.015 -4"><span class='ocrx_word' id='word_1_302' title='bbox 270 3896 283 3911; x_wconf 85' lang='lat'><em>&#39;</em></span> <span class='ocrx_word' id='word_1_303' title='bbox 1038 3926 1045 3933; x_wconf 57' lang='grc'><strong>»</strong></span> <span class='ocrx_word' id='word_1_304' title='bbox 1340 3881 1423 3957; x_wconf 84' lang='lat' dir='ltr'>li</span> <span class='ocrx_word' id='word_1_305' title='bbox 1477 3908 1518 3964; x_wconf 71' lang='grc'>2.</span> <span class='ocrx_word' id='word_1_306' title='bbox 2099 3897 2141 3970; x_wconf 76' lang='lat' dir='ltr'>p</span> <span class='ocrx_word' id='word_1_307' title='bbox 2191 3871 2269 3968; x_wconf 52' lang='lat' dir='ltr'>ig</span> <span class='ocrx_word' id='word_1_308' title='bbox 2318 3888 2321 3889; x_wconf 71' lang='grc'>’</span> 
     </span>
    </p>
   </div>
  </div>
 </body>
</html>
