2738 4475
963 202 1018 272 Ρ
1118 196 1177 271 λ’
1279 216 1341 270 R
1440 211 1477 267 s
1576 195 1615 266 1
1628 198 1742 269 11.
1848 194 1852 199 ’
2210 197 2242 294 '3
2264 223 2292 273 1
2305 217 2351 299 7

289 317 350 397 la
364 309 806 395 solicitatione
820 314 1121 414 perverti.
1134 319 1272 390 Cur
1289 314 1487 414 igitur
1504 313 1879 413 ambiguum
1903 337 2148 386 nomen
2169 316 2346 403 (nam

296 448 415 498 vos
430 420 804 521 ambiguum
823 414 1055 487 fecistis
1075 413 1457 506 dubitando)
1482 416 1550 485 in
1569 415 1801 486 tristius
1825 412 2178 512 deduxistis
2199 460 2221 495 ‚
2243 418 2356 492 nist

349 522 482 594 uod
500 543 686 596 mens
712 517 977 595 mala,in
992 513 1452 612 suspicionibus
1467 516 1677 613 gravis
1698 538 1952 588 veneno
1974 512 2089 584 suo
2105 513 2357 613 pastum

297 550 392 693 de
425 620 696 693 innoxio
712 614 873 689 flore
887 613 1177 712 quaefivit
1201 646 1224 705 3
1246 612 1373 687 Sed
1396 621 1463 685 δι
1489 615 1666 685 illum
1684 612 1907 714 quibus
1930 611 2144 687 verbis
2167 658 2191 696 ‚
2225 641 2353 715 qua

307 717 876 793 commendatione
897 711 1262 785 celebravi?
1298 709 1628 785 Amififfet
1644 717 1861 813 Satyra
1879 707 2058 784 suum
2078 739 2350 798 nomen,

305 819 357 890 fi
397 821 591 916 paulo
625 816 879 889 ulterius
918 809 1325 885 indulfiffem.
1386 815 1589 884 Nunc
1627 818 1720 887 vir
1734 818 1980 909 ingentis
1995 835 2216 886 namu
2234 838 2356 912 ap-

306 920 603 1016 pellatur3
620 940 778 989 nunc
798 918 984 1010 quiin
1002 917 1207 987 coelum
1217 915 1381 1010 ροβε
1396 915 2162 1011 meritiffimapraedicatione
2177 918 2353 986 leva-
2408 935 2411 944 ·

305 1020 381 1087 ri.
442 1020 618 1090 Nam
649 1015 988 1112 imperitiae
1033 1014 1365 1109 imputabo
1384 1017 1764 1085 amulorum
1782 1028 1806 1098 ,ς
1843 1013 1888 1085 fi
1907 1015 2010 1084 vel
2028 1012 2243 1084 senem
2266 1016 2373 1087 dex

295 1116 468 1187 illius
502 1115 870 1215 frugalitate
917 1116 1291 1210 loquentem
1309 1161 1331 1194 ,
1365 1113 1472 1184 vel
1508 1111 2012 1210 Euphormionis
2054 1113 2348 1210 inopiam

207 1237 210 1240 ’
298 1239 451 1288 cum
486 1211 600 1287 suo
637 1211 914 1287 artificio
951 1210 1275 1311 Musisque
1328 1211 1692 1309 neglectam
1714 1265 1736 1297 ,
1777 1212 1844 1283 in
1883 1212 2356 1284 criminationis
2458 1285 2479 1304 ‚

302 1314 725 1388 acerbitatem
759 1312 1071 1385 deducere
1100 1311 1356 1382 audent.
1420 1310 1752 1383 Nimirum
1787 1336 1972 1410 aequo
1989 1312 2126 1404 jure
2145 1309 2248 1382 sua
2265 1313 2351 1382 li-

302 1413 519 1486 bertas
539 1413 744 1484 scenae
763 1435 833 1481 ac
851 1417 1091 1507 Satyrae
1110 1411 1314 1481 larvas
1335 1406 1615 1492 indulfit‚
1635 1409 1862 1509 quibus
1882 1418 1898 1448 ¹
1920 1409 2099 1509 supra
2115 1409 2358 1509 Pytha-

305 1538 488 1610 gotae
507 1509 714 1582 fatum
730 1506 890 1604 saepe
909 1508 1213 1579 homines
1231 1502 1626 1580 renascantur
1637 1511 1708 1580 in
1722 1511 1925 1590 die‚&
1947 1535 2113 1581 nunc
2133 1513 2359 1602 juven-

309 1630 454 1680 tute
485 1608 806 1678 luxurient
826 1653 850 1690 ,
881 1631 1047 1677 nunc
1087 1626 1360 1678 maturas
1396 1628 1605 1704 partes
1625 1606 1979 1692 absolvant·
2025 1609 2169 1682 Nisi
2187 1607 2357 1681 forte

308 1704 565 1780 'servilis
601 1705 906 1778 calliditas
927 1759 946 1790 ,
983 1712 1051 1780 &
1107 1703 1507 1804 supercilium
1546 1705 1687 1778 heri
1708 1712 1736 1746 '
1753 1731 2072 1805 nunquam
2111 1704 2361 1798 Roscio

306 1831 428 1908 per
449 1806 680 1879 eadem
700 1803 1053 1902 spectacula
1068 1806 1399 1877 convenit.
1459 1807 1786 1905 Equidem
1805 1803 2364 1904 Euphormionem

307 1932 446 1980 non
474 1901 738 1989 excuso,
755 1903 797 1976 fi
816 1906 886 1975 in
903 1900 1190 1976 diversos
1210 1904 1459 1975 habitus
1474 1907 1736 1977 tranfire
1751 1931 1885 1978 non
1907 1907 2084 1978 licuit
2099 1952 2124 1987 ‚
2165 1906 2277 2004 qui
2297 1907 2373 1977 in·

302 2002 638 2080 Doromifi
659 2002 862 2075 domo
882 2003 1033 2076 ideo
1049 1999 1497 2075 scholasticam
1515 2005 1725 2076 induit
1744 2006 2119 2089 vanitatem,
2140 2029 2208 2076 ut
2228 2005 2368 2076 irri-

279 2103 406 2176 ·sus
437 2105 666 2177 abiret.
707 2107 904 2176 Tunc
938 2103 1119 2175 enim
1153 2103 1222 2180 in
1241 2101 1550 2175 insaniam
1568 2104 1894 2185 ludebam,
1935 2126 2053 2174 nec
2074 2103 2224 2175 dum
2243 2130 2362 2175 co-

310 2204 508 2304 gnitis
542 2201 882 2275 fidentium
918 2204 998 2275 M
1002 2199 1123 2274 usis
1141 2233 1168 2295 3
1198 2204 1310 2302 qui
1325 2202 1580 2275 inutiles
1602 2249 1625 2286 ‚
1663 2228 1783 2276 nec
1815 2202 1895 2276 ad
1933 2203 2357 2301 pulchritudi-

316 2327 488 2376 nem⁶
503 2305 754 2376 exactas
769 2327 969 2402 nugas
989 2296 1265 2376 omnino
1283 2303 1449 2374 tanti
1467 2324 1688 2401 putant
1705 2361 1726 2389 ‚
1764 2325 1836 2376 ut
1851 2303 1932 2375 de
1952 2305 2233 2403 egestate
2259 2302 2359 2375 [ιε-ι

316 2404 456 2475 curi
471 2402 689 2479 sinn&
712 2400 787 2471 ad
807 2425 967 2497 opes
985 2400 1024 2472 a
1041 2400 1338 2473 felicibus
1355 2403 1796 2487 tollantur,aut
1817 2406 1884 2474 in
1900 2403 1980 2471 iis
2001 2404 2362 2474 animorum

319 2498 811 2572 scabritudinem
840 2495 1148 2571 incusent.
1198 2506 1354 2574 Nec
1389 2498 1819 2575 Doromisum
1856 2497 2233 2597 castigabam
2251 2545 2276 2580 ‚
2316 2498 2367 2571 fi

328 2595 628 2694 Augusto
640 2594 805 2669 hanc
823 2596 1068 2668 turbam
1089 2603 1433 2672 Poetarum
1452 2597 1859 2674 submoventi
1875 2595 2152 2669 summus
2173 2597 2367 2697 Lyri-

323 2720 552 2771 corum
569 2694 1297 2795 pepercit-,dicebamque
1313 2705 1535 2797 ignom
1553 2700 1634 2771 ibn·
1652 2699 2024 2798 Mufhs,quae
2040 2697 2119 2770 ad
2136 2698 2369 2774 stimu-
2436 2690 2443 2703 ’

314 2800 421 2871 los
436 2791 702 2893 supeer
719 2797 1104 2893 paupertatis
1115 2796 1329 2870 nescio
1340 2802 1495 2899 quid
1511 2800 1799 2900 ignobile
1817 2810 1879 2873 δι
1900 2801 2368 2873 mercenarium

316 2914 609 2970 cantant.
669 2901 750 2967 In
771 2917 856 2964 eo
870 2916 1085 2967 autem
1105 2894 1255 2969 sene
1273 2946 1296 2982 ‚
1317 2902 1494 2994 cujus
1512 2901 1752 2972 indicio
1768 2897 2109 2972 Doromifi
2129 2923 2374 2970 nomen

315 2996 583 3094 accepi,
618 2994 977 3091 malignum
1008 2995 1339 3096 ingenium
1374 3025 1505 3070 non
1541 3000 1816 3071 omnino
1848 2998 2122 3097 inquieti
2145 2997 2371 3093 populi

320 3093 646 3195 fingebam
667 3139 690 3176 ,
710 3095 822 3193 qui
839 3092 1087 3193 semper
1108 3097 1575 3197 magistratibus
1592 3099 1848 3196 iniquus
1867 3143 1889 3177 ,
1906 3117 2126 3167 tamen
2147 3098 2374 3194 ingen.

325 3194 420 3266 tia
436 3194 659 3267 merita
673 3218 803 3265 non
820 3192 1096 3294 pefflmo
1112 3220 1218 3269 aut
1240 3194 1593 3270 artificioso
1613 3198 1817 3269 livore
1835 3188 2276 3294 agnoscit.Sed
2296 3203 2374 3269 δε

2225 3321 2365 3370 ma·-

396 3508 423 3546 Ι
459 3491 1110 3567 SaepraePyebagoraefm-nsaepe
1119 3496 1311 3547 hmines
1371 3509 1539 3545 nactus
1555 3526 1572 3551 ,
1589 3493 1688 3543 &c-

312 3561 776 3628 v‘eaaeftmnrindied
798 3568 923 3616 Nota
939 3564 1318 3632 Metempsycho-
1440 3579 1468 3614 2
1521 3571 1752 3628 Nunquam
1782 3562 1964 3627 Μέση]
2013 3559 2235 3616 Roscium
2270 3569 2376 3615 Co-

314 3629 387 3682 fin
412 3630 683 3700 Pythagora
712 3630 806 3684 five
846 3632 1314 3698 transmigrationem
1375 3630 1590 3681 moedum
1621 3628 1872 3694 intelligit,
1906 3628 1987 3681 sub
2021 3647 2115 3698 quo
2142 3647 2195 3684 ur
2220 3636 2270 3684 &
2292 3633 2376 3683 sub

308 3699 366 3749 in
384 3702 478 3749 alia
491 3700 771 3768 corporaita
787 3714 839 3752 ut
854 3700 1100 3767 quifiaiss‘et
1111 3703 1231 3751 olim
1246 3705 1315 3749 A·
1378 3696 1551 3762 AEsopo
1565 3695 1813 3749 comoedo
1841 3699 2075 3752 astionem
2105 3700 2271 3757 didicit
2300 3705 2393 3750 M.-

304 3781 605 3840 32memnon
632 3767 799 3837 postea
831 3769 968 3822 fieret
1007 3770 1156 3838 gallus
1185 3768 1324 3843 gall}
1378 3772 1437 3820 Τ.
1454 3769 1641 3819 Cicero.
2216 3830 2332 3885 AM

2154 3849 2180 3886 ι
2328 3850 2382 3881 κ·
