2738 4475
753 279 758 281 Α
899 230 956 304 Ρ
1052 255 1100 303 Α
1204 239 1596 307 xvv-21.
2110 251 2295 330 -145

249 346 475 422 micum
518 342 911 421 ditaviffem.
970 349 1456 432 Affeurantibus
1473 350 1719 423 cunffls
1739 398 1761 434 ,
1807 342 2042 443 stuqui
2058 343 2211 414 odio
2227 350 2294 419 in

237 446 422 518 scelus
441 445 842 517 ducerentur
859 493 882 529 ‚
902 445 1005 519 feu
1022 476 1184 548 quos
1202 453 1272 521 in
1289 449 1725 528 miserabilem,
1739 444 2292 546 pietasexeitatet,

232 543 336 616 seu
374 544 662 644 denique
686 545 1024 643 quitutbas
1044 549 1121 620 ad
1143 547 1386 647 flagitia
1408 557 1704 646 peterent
1725 593 1750 630 ,
1783 547 2021 616 ducem
2039 567 2150 614 me
2170 566 2309 637 pref

229 644 342 716 bui
365 667 395 734 ³,
424 668 575 714 curn
615 642 828 715 subito
863 648 1127 719 listores
1146 650 1386 745 publici
1404 646 1729 719 astiterunt
1747 645 1823 717 ad
1839 647 2003 714 latus
2022 688 2048 722 ‚
2104 641 2314 713 mole-

149 742 152 743 ’
241 741 517 812 stiffimo
537 741 879 828 ΙΞιῑεῑῙίτὶο,
929 753 991 818 δε
1019 770 1121 816 aut
1143 750 1209 816 in
1237 774 1448 818 meam
1472 794 1494 830 ‚
1530 747 1710 814 autin
1736 745 1944 816 aemuli
1968 741 2314 840 pecuniam

237 844 513 926 intenti,
555 868 833 940 quorum
855 850 1045 940 paulo
1065 868 1211 916 ante
1235 848 1494 944 aliquod
1518 846 1732 916 nobile
1756 842 1872 914 suae
1894 846 2040 914 artis
2068 836 2310 910 facinus

241 940 585 1010 ediderant.
645 944 977 1016 Nobilem
1003 942 1338 1016 foeminam
1362 946 1442 1016 de
1464 970 1644 1016 curru
1676 946 2102 1014 detraxerant.
2158 940 2310 1008 Pla-

235 1040 519 1136 gitabant
559 1066 873 1114 nummos
899 1088 920 1124 ,
963 1070 1123 1142 quos
1163 1044 1372 1114 nescio
1411 1048 1554 1142 quis
1596 1042 1874 1114 creditor
1894 1066 2002 1138 per
2022 1038 2304 1130 judicem

235 1134 533 1234 petiiss'et.
593 1142 825 1210 Atina
851 1196 871 1222 ‚
915 1140 1149 1214 severo
1165 1170 1300 1214 non
1318 1144 1590 1216 abnuere
1610 1188 1632 1224 ,
1678 1168 1808 1212 non
1828 1164 2060 1238 negnre
2084 1188 2109 1224 ‚
2130 1136 2302 1206 dice-

227 1236 352 1308 bat.
409 1260 797 1334 paterentur
837 1242 959 1312 iret
993 1244 1061 1312 in
1103 1242 1269 1312 aedes
1292 1290 1316 1324 ,
1357 1242 1692 1340 expeditos
1731 1238 2012 1312 traderet
2048 1260 2304 1316 numm,

219 1360 345 1406 neu
383 1336 451 1406 se
499 1339 619 1408 vel
663 1336 989 1422 custodia,
1031 1340 1472 1418 velabstraffis
1490 1344 1666 1440 equis
1690 1388 1714 1426 ,
1750 1342 2020 1438 indigne
2042 1334 2306 1406 lacess'e-

219 1458 393 1506 rent.
449 1440 621 1506 Nec
643 1438 1009 1532 impetravit
1029 1438 1265 1536 aliquid
1284 1440 1322 1510 ὲ
1342 1438 1594 1510 barbara
1614 1460 1812 1538 gente
1828 1494 1848 1522 ,
1884 1439 2080 1508 etiam
2098 1436 2304 1504 licen-

217 1536 353 1602 tius
377 1534 725 1616 saeviente,
749 1538 923 1630 quod
941 1560 1322 1632 extorquere
1342 1538 1600 1608 verbera
1614 1540 1878 1620 venem,
1904 1536 2122 1634 magni
2138 1532 2304 1606 sem*

223 1658 357 1728 per
379 1628 501 1698 seu
523 1624 751 1700 fustem
773 1630 875 1702 seu
893 1636 1105 1704 lorum
1123 1656 1438 1708 ementes.

351 1734 553 1800 Cum
574 1748 777 1800 autem
799 1732 927 1822 jam
951 1732 1209 1804 essemus
1225 1736 1292 1804 in
1310 1736 1540 1806 limine
1562 1782 1586 1816 ,
1620 1734 1802 1805 venit
1822 1732 2148 1829 intrepido.
2164 1730 2302 1802 vul·
2373 1736 2376 1745 '

229 1850 307 1898 tu
345 1852 571 1922 caupo
595 1876 615 1910 ,
655 1838 761 1912 δε,
809 1830 963 1926 quid
1005 1832 1165 1930 apud
1201 1828 1261 1904 se
1302 1836 1616 1906 vellemus
1642 1880 1664 1914 ‚
1702 1832 1958 1903 audacia
1994 1856 2128 1928 quae
2152 1854 2308 1898 con-

219 1926 587 1996 scientiam
609 1930 869 2002 celaret.
895 1932 1267 2030 interrogat.
1328 1938 1510 2004 Tum
1530 1958 1684 2030 eg03
1706 1930 2044 2002 mediocris
2066 1930 2308 1998 statutae

225 2026 583 2098 hominem
603 2072 625 2104 ‚
681 2028 1097 2100 macilentum
1117 2078 1139 2112 ‚
1195 2034 1442 2102 calvum
1462 2078 1482 2110 ‚
1508 2028 1674 2102 filsea
1694 2030 1918 2112 barba,
1942 2028 2174 2126 pallida
2196 2050 2308 2096 cu-

231 2146 299 2194 te
321 2172 343 2204 ,
387 2150 503 2198 me
539 2150 819 2222 quaerere
863 2126 993 2198 dixi
1021 2174 1041 2210 ‚
1085 2156 1211 2228 quo
1251 2156 1398 2202 cum
1416 2132 1552 2202 heri
1570 2154 2010 2202 coenaveram..
2054 2134 2154 2198 At
2186 2126 2300 2196 ille

240 2244 461 2294 tamen
489 2224 649 2320 apud
667 2222 731 2296 se
753 2226 1075 2300 divertiffe
1095 2276 1114 2310 ‚
1139 2252 1239 2300 aut
1259 2233 1534 2302 omnino
1556 2232 1758 2328 pridie
1778 2252 2136 2326 quenquam
2158 2250 2296 2296 cce-

239 2320 409 2393 nass'e
429 2326 495 2393 in
515 2326 633 2395 suis
655 2326 891 2397 aedibus
915 2355 1151 2429 negans
1173 2377 1193 2409 2
1215 2328 1540 2427 meipsum
1564 2330 1909 2427 turpiffima
1934 2324 2292 2425 suspicione

241 2421 629 2519 perstrinxit.
677 2427 829 2521 Jarn
859 2431 1093 2525 apertis
1117 2431 1494 2501 clamoribus
1514 2431 1830 2503 laceffitus
1848 2427 2012 2497 nihil
2034 2427 2296 2495 mollius

243 2523 521 2589 vinculis
539 2525 957 2619 expeRabarn
975 2557 995 2597 τ
1053 2555 1197 2599 cum
1215 2527 1406 2601 causat
1434 2553 1590 2599 meae
1616 2527 1916 2597 fiduciam
1940 2521 2294 2595 destrueret

251 2617 645 2687 diver-litoris
681 2621 1063 2709 constantia,
1119 2653 1236 2699 nec
1273 2629 1458 2699 elatis
1478 2629 1772 2697 omnium
1792 2623 2054 2693 vocibus
2078 2677 2098 2703 ‚
2151 2615 2302 2689 satis

251 2717 573 2787 audiretur
595 2717 896 2793 defensiO.
931 2729 1145 2825 Itaque
1167 2729 1570 2825 gesticulanti
1592 2723 2074 2803 dexterffietiam
2096 2719 2302 2791 hianti

249 2841 365 2885 Ore
385 2865 405 2895 ,
455 2815 807 2917 significavi
855 2823 976 2896 esse
1023 2829 1195 2925 quod
1231 2827 1408 2925 loqui
1442 2827 1700 2898 vellem.
1756 2823 2058 2897 Tandem
2086 2823 2300 2917 impe-

241 2935 403 2985 trata
423 2943 541 3015 pax
565 2917 1055 3009 dicendiloenm
1097 2925 1284 3007 fecit,
1328 2937 1394 3001 &
1416 2971 1438 3007 ‚
1470 2927 1549 2999 >Si
1570 2981 1590 3011 ,
1630 2927 1926 3025 inquam,
1964 2923 2298 2995 neminem

245 3015 309 3083 in
347 3017 611 3089 domum
635 3019 939 3093 admisisti
965 3071 985 3105 ,
1021 3025 1163 3111 dic,
1203 3025 1245 3095 si
1271 3049 1456 3123 potes
1480 3073 1500 3107 ‚
1536 3029 1646 3125 qui
1662 3049 1836 3097 erant
1856 3027 1950 3093 illi
1974 3021 2304 3097 hominm,

253 3117 443 3209 quiin
469 3119 787 3214 superiore
811 3129 1153 3193 coenaculo
1169 3147 1376 3197 totum
1392 3127 1566 3197 diem
1586 3123 1873 3195 bibendo
1892 3117 2056 3189 cons
2048 3111 2307 3211 umpse-

251 3219 445 3283 runt?
501 3223 685 3307 Qos
709 3243 859 3289 cum
877 3223 1087 3293 ebrios
1109 3251 1179 3295 ac
1199 3227 1580 3321 petulantius
1602 3227 1878 3293 rixantes
1898 3219 2096 3288 velles
2120 3239 2306 3283 com-

251 3309 507 3409 pescere
527 3365 545 3393 ,
579 3317 779 3387 ie'tum
821 3322 885 3389 in
929 3319 1261 3419 supercilio
1280 3321 1582 3421 accepisti
1604 3367 1626 3399 ‚
1668 3319 2188 3415 projeRalance,
2230 3317 2302 3385 δε

136 3438 140 3443 ·
247 3435 369 3507 per
391 3409 655 3485 solutam
675 3441 891 3490 cutem
915 3421 1109 3520 usque
1127 3425 1203 3493 ad
1227 3421 1618 3493 soliditatem
1638 3417 1865 3489 offium
1886 3415 2106 3489 mersa.
2162 3415 2300 3486 Dic

241 3513 489 3595 etiam,
529 3537 679 3583 num
715 3519 931 3591 affines
955 3527 1047 3591 tui
1069 3571 1091 3603 ,
1129 3547 1280 3593 num
1307 3521 1645 3593 familiares
1666 3537 1842 3588 erant
1864 3563 1882 3595 ‚
1920 3541 2078 3615 quos
2100 3513 2298 3597 exul-

217 3611 405 3701 ¹tima
445 3613 645 3685 Iberia
685 3623 1017 3691 venientes
1053 3625 1257 3719 longo
1278 3619 1574 3693 sermone
1590 3613 1930 3697 excusasti,
1984 3613 2154 3712 quod
2180 3637 2302 3680 no·-

245 3711 370 3783 fiis
387 3713 467 3787 ad
483 3715 693 3815 epulas
713 3717 929 3793 socios
951 3721 1322 3813 adduceres(
1370 3725 1616 3815 Neque
1636 3719 1706 3787 in
1720 3739 1786 3787 re
1806 3717 2046 3797 incerta
2062 3707 2300 3885 vfisor:

1241 3821 1310 3891 K
2166 3831 2308 3879 eam
