2738 4475
937 227 1647 304 PansV.
2124 230 2274 329 '387

213 371 548 434 contempta
575 356 639 412 in
669 352 977 429 plumatam
995 350 1237 429 aquilam
1258 365 1500 411 mutatus
1515 352 1720 410 durum
1739 348 1854 410 oris
1868 368 2043 411 cornu
2059 353 2275 414 intrivit

233 427 580 513 Ganymedis
595 435 700 492 ori.
716 436 771 490 &
787 429 1066 507 petulante
1090 429 1278 508 lingua
1293 430 1547 489 osculum
1567 430 1692 488 fixit
1708 429 1907 488 melius
1921 449 2034 488 ave.
2072 434 2272 509 Apollo

220 517 426 574 deinde
460 523 846 586 contemptam
879 506 1292 583 Philosophiam
1310 511 1496 586 coegit
1509 507 1829 566 recalescere
1845 528 1916 567 ex
1933 510 2157 588 integro
2173 551 2190 575 ,
2218 516 2275 571 ὃς

213 593 500 658 resumere
536 593 817 667 impetum
854 588 1097 645 fractum
1128 586 1507 662 omifl‘umque
1519 624 1538 649 ‚
1576 587 1732 645 dum·
1748 586 1944 663 spretis
1968 589 2277 665 Daphnidis

214 672 447 751 ignibus
464 673 525 728 in
543 665 847 744 Hyacinthi
865 665 1104 723 vultibus
1119 665 1331 723 exarsit.
1401 664 1651 724 Invidere
1680 666 1776 724 Dii
1812 665 2155 744 Philosopho
2172 707 2190 733 ,
2221 673 2279 727 δε

215 754 478 811 amicum
508 764 781 806 necavere.
845 743 979 802 Inde
1010 743 1216 802 deserta
1231 743 1530 806 habitanti,
1562 745 1734 802 tristes
1749 745 1993 823 dirasque
2010 745 2200 804 noCtes
2218 748 2278 806 in

217 831 504 888 memoria
519 825 692 885 amissi
709 824 867 901 pueri
888 821 1141 900 vigilatae,
1160 826 1215 881 &c
1235 822 1381 881 mala
1396 824 1507 881 vita
1523 825 1836 882 aeternitatis
1854 843 2089 883 munere
2102 827 2279 902 pejor.

218 910 414 966 Taceo
433 909 636 963 Heroas
650 903 773 961 illos
791 940 807 964 ,
848 900 1144 959 Herculem
1164 941 1181 966 ,
1218 903 1673 979 Agamemnona,
1695 901 1974 961 Achillem
2000 944 2017 970 ‚
2035 905 2280 963 Alexan-

219 987 392 1043 drum
417 1025 434 1050 ‚
457 988 511 1043 &t
530 983 664 1042 alios
681 1021 698 1046 ,
722 980 923 1058 quibus
940 981 1038 1039 ista
1051 979 1277 1038 scientia
1293 980 1552 1056 plusipfis
1566 982 1818 1058 imperiis
1833 981 2063 1059 placuit.
2122 983 2277 1064 Qid

221 1077 384 1141 putas
404 1066 685 1121 Socratem
703 1059 887 1117 feciffe
904 1058 1075 1135 iquid
1095 1059 1427 1117 Platonem?
1465 1058 1666 1137 quibus
1688 1058 2010 1140 Philosophi
2033 1064 2278 1121 immor·

221 1141 494 1201 talitatem
514 1140 669 1199 suam
689 1137 891 1197 debent
907 1178 924 1203 ‚
956 1137 1092 1196 dum
1127 1137 1367 1215 rigidam
1389 1136 1654 1196 haetenus
1671 1137 1953 1198 scientiam
1968 1144 2132 1199 certis
2143 1142 2282 1220 legi·

217 1220 323 1279 bus
338 1224 599 1281 vinxere,
647 1224 705 1280 δι
731 1235 912 1275 raram
945 1217 1005 1274 in
1037 1217 1298 1276 amicitiis
1315 1214 1487 1274 fidem
1508 1216 1916 1276 consolidavere
1929 1220 2278 1289 mortalitati,

214 1299 552 1376 animosque
583 1297 814 1376 agrestes
844 1297 1007 1354 certis
1040 1294 1426 1354 formaverunt
1457 1297 1743 1372 praeceptis
1771 1297 1838 1355 ad
1855 1297 1994 1356 bene
2010 1298 2280 1378 beateque

216 1380 545 1437 vivendum.
606 1378 864 1449 Quantus
881 1375 949 1432 de
964 1374 1162 1451 prioris
1175 1372 1294 1431 iinu
1313 1372 1616 1432 Alcibiades
1631 1375 1888 1442 surrexit,
1921 1378 2120 1436 robore
2136 1418 2156 1444 ,
2168 1379 2283 1437 vir-

215 1471 365 1522 tute,
384 1456 652 1535 ingenio?
687 1453 883 1526 Qualis
900 1453 932 1510 a
948 1452 1258 1526 posterioris
1272 1451 1532 1526 amplexu
1553 1453 1813 1512 Phaedrus
1827 1454 1923 1514 ille
1942 1496 1960 1524 ,
1990 1458 2146 1533 cujus
2178 1477 2282 1517 no-

214 1536 385 1594 mine
396 1535 568 1592 libros
581 1531 704 1590 suos
718 1530 1049 1588 nobilitavit.
1095 1530 1165 1586 Et
1182 1543 1247 1589 ut
1259 1544 1484 1589 caeteros
1510 1533 1774 1592 omittam
1791 1533 2160 1614 Philosophos
2175 1537 2281 1614 qui

220 1625 448 1671 mentes
474 1611 780 1669 hominum
816 1606 885 1665 ad
914 1605 1156 1682 perversa
1183 1608 1574 1686 degenerantes
1601 1611 1669 1669 ad
1699 1614 1969 1672 virtutem
1987 1616 2276 1675 reduxere.

225 1708 378 1749 unus
393 1689 618 1746 Arbiter
634 1688 798 1745 instar
812 1684 960 1743 mihi
975 1687 1232 1744 omnium
1238 1712 1256 1756 3
1274 1705 1343 1745 ne
1359 1705 1454 1745 me
1473 1703 1628 1764 putes
1644 1690 1830 1769 inepte
1846 1692 2087 1769 quaefiffe
2103 1711 2280 1770 quem

227 1767 437 1847 diligo.
500 1767 609 1823 Hic
636 1783 740 1842 pro
755 1764 1040 1824 Aristotele
1056 1767 1115 1823 in
1135 1766 1505 1843 Acigniorum
1527 1766 1727 1830 scholis
1744 1770 1915 1829 hodie
1929 1770 2163 1850 legitur.
2196 1773 2285 1829 in-

225 1856 562 1923 terpretatur
578 1885 596 1912 ,
626 1843 911 1911 laudatum
955 1862 1070 1902 non
1090 1856 1298 1902 temere
1315 1847 1372 1902 δε
1389 1841 1599 1922 ubique
1613 1847 1815 1926 (neque
1827 1850 1983 1907 enim
1999 1868 2196 1908 omnes
2212 1850 2280 1909 ad

219 1923 339 1982 hoc
361 1934 542 2001 genus
576 1922 984 1981 exercitationis
1013 1922 1303 1998 accedunt)
1328 1921 1416 1980 sed
1434 1924 1579 1981 inter
1592 1926 1833 2002 privatos
1848 1929 2081 2004 parietes
2096 1925 2280 1987 seleffi

219 2002 294 2061 ad
310 2001 654 2061 audiendum
673 1999 1042 2060 adolescentes
1058 2041 1075 2066 ,
1091 2019 1235 2080 quos
1253 2001 1416 2061 facile
1431 2002 1731 2081 ingenium
1748 2008 1804 2064 δι
1819 2004 2133 2065 formosum
2148 2026 2279 2064 cor·-

214 2080 460 2219 {³1:512}ss
465 2078 682 2217 233}ss
670 2081 1008 2216 gssffiffl’
1020 2080 1539 2216 iffiiss‘ssie‘ssim'
1546 2081 1884 2222 mffl‘afifimm
1845 2085 2280 2223 ωῒῖἳεῗξέἶῗὲ

211 2181 562 2301 nascentibus
576 2236 761 2296 induit
778 2178 1197 2314 Philosdlphiam
1222 2274 1241 2298 ‚
1267 2177 1709 2307 &adolffi'centes
1735 2179 2039 2315 juvenlibus
2067 2245 2282 2302 mixtos

212 2320 422 2379 eadem
439 2316 660 2375 vivendi
679 2315 866 2395 regula
879 2316 1194 2393 componit.
1254 2317 1492 2374 Nomen
1507 2318 1940 2394 gymnafiarehae
1956 2320 2166 2395 ubique
2184 2323 2275 2380 lo-

210 2416 427 2458 corum
445 2395 746 2454 celebratur
766 2419 785 2462 ς
812 2394 947 2453 adeo
965 2412 1096 2451 eum
1115 2393 1335 2453 luxuria
1351 2394 1446 2454 sua
1463 2395 1821 2457 manifestum
1839 2397 1989 2474 fecit.
2052 2401 2279 2459 Nome-

213 2492 345 2537 tum
363 2474 665 2552 appellant.
730 2476 921 2531 Homo
937 2472 1031 2531 ille
1044 2472 1275 2549 quidem
1292 2474 1464 2551 rigidi
1479 2473 1662 2532 vultus
1680 2513 1697 2540 ,
1734 2480 1791 2536 δι
1821 2475 2067 2553 corporis
2097 2478 2276 2538 obeli:

217 2570 484 2616 ceterum
512 2555 659 2610 inter
675 2551 937 2628 Aeignios
951 2569 1142 2609 amore
1159 2568 1463 2628 puerorum
1480 2593 1499 2619 ,
1532 2556 1589 2612 δι
1604 2552 1934 2628 professione
1952 2556 2280 2617 venerabilis

222 2634 502 2693 derinae
536 2628 859 2687 notissimus.
922 2630 1070 2687 Hinc
1100 2628 1572 2707 Philosophorum
1602 2631 1862 2690 ordinem
1878 2632 2156 2710 triplicem
2172 2635 2285 2693 sta-

222 2714 340 2771 tuit
353 2751 369 2777 ,
381 2758 382 2761 ,
394 2709 741 2767 audientium
758 2747 775 2772 ,
794 2706 1177 2785 profitentium
1194 2746 1213 2774 ,
1229 2707 1552 2769 docentium
1571 2733 1585 2769 ε
1624 2729 1871 2789 quorum
1899 2713 2007 2771 tria
2023 2712 2281 2790 exempla

226 2792 289 2849 in
306 2808 424 2848 uno
447 2788 711 2845 Petronio
730 2799 886 2865 putat
902 2786 1184 2846 imitanda.
1228 2788 1429 2851 Pueros
1445 2792 1503 2848 δε
1517 2788 1879 2849 adolescentes
1895 2830 1923 2857 ,·
1946 2810 2089 2871 quos
2103 2794 2164 2851 in
2179 2810 2278 2850 au-

227 2870 486 2927 ditorum
506 2885 808 2924 numerum
827 2866 1066 2944 reponit,
1083 2866 1151 2924 ad
1168 2867 1413 2943 Gytonis
1427 2887 1619 2927 mores
1631 2870 1865 2928 instruit.
1891 2871 1955 2928 In
1971 2870 2281 2930 colaudans

223 2946 536 3008 officiosam
557 2946 850 3022 pueritiam
868 2984 885 3011 ,
905 2962 1038 3003 cum
1053 2942 1108 3003 se
1121 2943 1404 3005 servilibus
1418 2948 1737 3027 inquinaret
1752 2946 2027 3027 obsequiis
2041 2963 2106 3008 ut
2121 2950 2281 3010 fratri

225 3026 327 3085 fiio
343 3026 600 3107 placeret.
667 3025 996 3083 Patientiam
1013 3061 1030 3085 2
1071 3025 1170 3104 qui
1190 3026 1402 3086 viderat
1414 3025 1529 3089 fine
1543 3046 1839 3086 murmure
1852 3029 2143 3100 Quartillae
2155 3032 2282 3087 Cir-

223 3106 348 3183 eesq
356 3126 425 3164 ue
435 3104 788 3164 concubitus.
831 3102 1153 3168 Audaciam,
1171 3124 1280 3183 qua
1297 3123 1430 3163 cum
1451 3106 1535 3162 vir
1576 3107 1665 3163 ine
1679 3106 1889 3164 luserat.
1934 3107 2281 3166 Generoiita·

232 3197 372 3242 tem.
391 3184 704 3261 precesque,
725 3182 1110 3259 &lachrymas
1127 3221 1143 3247 ,
1175 3184 1381 3261 quibus
1400 3184 1542 3259 Asey
1566 3186 1628 3249 ti,
1642 3185 1890 3260 Encolpii
1910 3222 1928 3248 ,
1944 3187 1997 3242 &
2015 3186 2281 3262 Eumolpi

238 3260 478 3336 fregerat
492 3263 630 3319 iram
648 3302 665 3326 ,
683 3260 1010 3320 discordiam
1029 3260 1318 3321 sedaverat.
1360 3261 1658 3321 Blanditias
1670 3302 1686 3326 ,
1701 3264 1902 3340 quibus
1917 3281 2049 3320 cum
2065 3262 2284 3324 offenfis

234 3337 448 3395 redibn
465 3340 525 3396 in
543 3340 793 3418 gratiam.
856 3342 1116 3398 Formam
1137 3379 1153 3405 ,
1185 3359 1296 3419 qua
1309 3355 1676 3400 excaecaverat
1694 3356 1896 3398 nautas.
1954 3342 2288 3408 Mollitiem,

236 3420 295 3477 &
314 3417 589 3493 nequitias
602 3456 618 3477 .
657 3422 714 3476 δι
725 3416 999 3495 quidquid
1012 3418 1255 3495 ephebos
1270 3419 1335 3478 ad
1350 3420 1674 3494 patiendum
1689 3421 1977 3497 gestientes
1991 3439 2283 3481 commen·

235 3495 335 3554 dat
347 3494 706 3553 amatoribus.
761 3499 989 3574 Juvenes
1021 3501 1075 3555 δε
1094 3517 1258 3574 agere
1275 3502 1330 3556 ac
1345 3499 1458 3572 pati
1477 3498 1670 3556 dmitos
1681 3537 1697 3563 ,
1737 3496 1999 3573 Ascylton
2014 3504 2069 3560 &
2084 3502 2285 3559 Encol-

233 3576 393 3650 pion,
411 3572 808 3648 imitarijubet,
821 3578 877 3632 ὂῑ
892 3574 1138 3648 profiteri
1155 3578 1387 3634 virtutes
1401 3594 1533 3653 quas
1557 3576 1696 3633 olim
1716 3577 1774 3632 in
1790 3579 2011 3637 cinaedis
2029 3587 2084 3641 &
2098 3581 2287 3638 exole-

235 3654 308 3710 tis
325 3653 624 3728 antiquitas
641 3653 788 3711 rudis
807 3654 941 3711 vitia
955 3667 1084 3729 puta
1157 3667 1195 3711 t.
1240 3656 1309 3712 Et
1323 3656 1574 3730 primum
1596 3657 1653 3711 in
1673 3652 1758 3711 his
1784 3654 2174 3718 fortitudinem
2190 3678 2286 3718 ex·

236 3730 396 3789 tollit
411 3769 430 3791 ‚
459 3748 571 3808 qua
598 3730 868 3805 dispolitis
895 3731 964 3789 ad
980 3750 1087 3808 prae
1131 3732 1336 3791 andum
1356 3731 1612 3809 gradibus
1628 3735 1919 3791 currebant
1934 3738 1999 3793 ad
2018 3751 2286 3798 mortem»

231 3809 342 3872 ‘nili
355 3808 730 3872 interveniffet
746 3813 957 3888 Gyton.
1017 3813 1160 3872 Mox
1174 3811 1537 3871 constantiam
1553 3846 1574 3873 .
1612 3830 1724 3890 qua
1736 3817 2107 3874 mutationem
2126 3820 2182 3873 ὃ(
2198 3817 2292 3869 in-

2121 3891 2293 3969 jurias
