2738 4475
848 188 905 264 P
1001 215 1051 261 Α
1157 210 1215 263 n
1321 215 1353 261 s
1460 195 1625 262 111.
2120 207 2250 284 3¹¹

209 318 351 388 mut
367 363 390 400 ,
430 315 775 417 cicutaque
803 337 1261 412 nonnunquam
1301 316 1538 386 utimur
1573 313 1651 385 ad
1691 308 2115 411 frigiditatem
2134 342 2253 412 po-

204 418 392 489 tionis
411 422 563 511 3jta
596 443 813 491 mores
834 417 1145 491 aestimare
1163 414 1242 485 ad
1268 418 1599 512 ingenium
1619 412 1934 487 utentium
1954 437 2247 513 oportet.

200 519 442 616 Neque
460 523 603 616 plus
617 518 849 590 eadem
868 516 1277 612 verba‚quam
1297 520 1455 584 ritus
1476 518 1542 586 in
1560 513 1657 585 his
1676 510 1924 611 illisque
1944 515 2258 615 gentibus

199 613 448 696 diversa
485 616 864 718 significant.
917 621 1000 690 Et
1018 617 1174 688 fides
1195 616 1466 685 aliorum
1491 616 1865 712 populorum
1885 617 2255 716 linguarum

207 712 471 810 pensata
487 720 820 797 modestia,
841 715 1227 790 seditionum
1247 714 1678 812 scelerumque
1697 715 1974 808 pericula
1995 719 2164 786 male
2182 717 2269 785 in-

210 815 440 899 Gallia
460 819 749 890 metietur
771 819 1030 888 innoxia
1044 812 1421 887 scurrilitate
1438 865 1468 900 ,
1498 840 1637 913 quae
1658 812 1755 884 his
1777 816 1960 913 nugis
1978 841 2262 912 occupa·

211 931 355 986 tum
390 913 703 990 fastidium
739 918 1044 989 odiumve
1082 914 1484 1012 praesentium
1523 939 1734 987 rerum
1757 921 1821 985 &
1843 915 1911 985 in
1930 918 2259 988 nonnullis

199 1007 466 1087 fortafle
487 1020 838 1116 nequitiam
861 1015 1199 1087 consumit.

307 1120 588 1190 Erectus
629 1118 750 1188 hac
789 1114 1245 1189 consuetudine
1279 1135 1380 1193 tot
1403 1113 1632 1183 inultis
1671 1110 1956 1185 ludibriis
1995 1114 2277 1202 sancitag

201 1240 607 1313 quamquam
631 1220 852 1290 alienae
873 1217 1084 1316 gentis
1105 1213 1308 1287 homo
1331 1260 1357 1295 ‚
1387 1210 1562 1282 ausus
1582 1212 1711 1282 sum
1730 1213 1797 1283 in
1816 1213 1952 1307 jura
1973 1221 2038 1286 δι
2061 1216 2265 1290 veluti

198 1311 379 1387 sacra
413 1318 700 1387 Gallicae
733 1318 1044 1387 libertatis
1077 1316 1357 1396 intrare,
1398 1320 1463 1384 δι
1503 1321 1787 1410 satyram
1807 1316 1973 1398 ,svix
1991 1319 2152 1386 ultra
2171 1317 2271 1387 ti-

196 1418 420 1487 tulum
456 1414 829 1486 saevientem
852 1462 875 1496 ,
911 1416 1042 1484 leni
1081 1413 1240 1483 fletu
1275 1423 1341 1485 δι
1384 1411 1722 1483 inermibus
1763 1413 1925 1502 jocis
1968 1417 2275 1511 implevi.

201 1514 428 1609 Qod
470 1511 591 1582 nisi
636 1513 962 1605 Principes
1001 1511 1202 1582 Viros
1234 1511 1622 1581 tenuioribus
1656 1513 1814 1582 velis
1829 1513 2145 1586 obductos
2169 1519 2279 1603 (ut

201 1637 342 1683 nec
379 1612 586 1706 longa
623 1610 991 1700 conjectura
1024 1609 1294 1680 dubiave
1334 1611 1539 1708 retegi
1578 1606 1853 1706 possent)
1897 1611 2160 1710 egissem
2199 1617 2276 1684 in

203 1710 396 1783 hunc
418 1711 640 1782 ludum
662 1754 680 1784 ‚
702 1711 841 1806 quis
865 1708 938 1795 (ὃ
963 1703 1236 1800 facinus)
1262 1713 1678 1780 innocentem
1700 1708 1886 1779 turbo
1903 1761 1927 1795 ‚
1947 1738 2085 1810 quae
2108 1735 2277 1784 tem·

197 1810 428 1909 pestas
451 1809 844 1880 inundabat!
896 1808 1084 1880 Nihil
1106 1805 1258 1879 esset
1280 1810 1542 1881 tristiori
1560 1806 1898 1904 supercilio
1918 1834 2155 1910 grave,
2175 1813 2279 1882 ni-

198 1912 300 1982 hil
341 1905 664 1980 invidiosa
678 1908 1016 1978 atrocitate
1031 1904 1390 2004 suspefium
1409 1966 1431 1993 ‚
1472 1911 1644 2007 quod
1664 1934 1794 1979 non
1817 1911 2294 1983 malevolorum-

201 2007 606 2106 improbitas‘
621 2010 684 2077 in
706 2008 1172 2076 contumeliam
1190 2008 1447 2080 illorum
1471 2005 1762 2105 rapuisset
1784 2038 1811 2094 3
1828 2010 1991 2079 mihi
2012 2010 2279 2108 quidem

169 2108 582 2182 «insimulato
602 2129 732 2180 tam
753 2104 1016 2177 funestat
1042 2108 1444 2204 loquacitatis
1466 2110 1699 2207 gravis,
1724 2107 1827 2179 sed
1846 2110 1973 2179 illis
1992 2110 2285 2209 iniquior

207 2232 382 2308 quos
412 2229 544 2281 tam
579 2208 807 2308 grandi
849 2206 1169 2279 malorum
1212 2203 1564 2279 facinorum
1583 2202 1935 2305 suspicione
1958 2210 2265 2283 violasset.

210 2310 429 2407 Igitur
444 2304 640 2404 ipsam
661 2333 998 2403 purpuram
1017 2305 1475 2381 consultiffima
1493 2308 1738 2379 ratione
1755 2307 1997 2389 detexi,
2021 2332 2091 2379 ut
2109 2309 2277 2383 aesti-

217 2407 386 2481 mari
424 2404 734 2476 modestia
747 2431 891 2477 mea
905 2405 1106 2501 poffet
1130 2454 1152 2486 ,
1171 2432 1292 2478 nec
1317 2409 1381 2478 in
1403 2408 1558 2478 deos
1580 2407 1906 2477 crederem
1926 2405 2107 2476 ausus
2128 2434 2272 2506 quar

215 2503 965 2600 vilioribusingerebam,
985 2527 1088 2576 aut
1107 2506 1326 2604 quibus
1345 2508 1547 2578 etiarn
1567 2500 1702 2604 ipsa
1717 2507 1872 2578 vitia
1889 2503 1997 2576 sub
2015 2502 2185 2578 ffiis
2205 2513 2277 2579 δε

225 2601 504 2679 scenicis
525 2602 891 2674 nominibus
909 2605 1355 2681 lacerabantur.
1418 2650 1423 2651 ff
1960 2630 1963 2633 ’

335 2700 514 2773 Cum
556 2701 692 2773 haec
712 2702 1070 2775 moderatio
1084 2724 1285 2776 tutum
1300 2707 1426 2779 iter
1442 2705 1662 2804 primis
1682 2700 1929 2800 scriptis
1948 2696 2280 2802 praestitis-

219 2801 322 2876 set
338 2847 361 2883 ‚
389 2795 614 2873 nescio
646 2827 770 2901 qua
792 2799 1020 2875 fiducia
1038 2805 1105 2875 in
1121 2802 1457 2878 secundum
1476 2801 2030 2906 Euphor-mionem
2051 2829 2281 2877 excre-

218 2903 312 2977 vi.
363 2903 502 2975 Hic
522 2926 670 2974 cum
690 2903 903 2999 primo
921 2901 982 2974 se
1000 2901 1272 2978 solveret
1294 2906 1439 2985 risu,
1480 2904 1866 3005 supprimere
1885 2907 2071 2998 jocos
2095 2903 2293 2995 jube*

167 3060 173 3068 .
217 3022 326 3074 tur
342 3051 373 3085 ,
406 3011 474 3076 &
514 3028 594 3074 ex
630 3027 967 3101 operarum
1001 3005 1294 3077 manibus
1313 3052 1337 3086 ‚
1371 3004 1447 3076 ad
1485 3006 1787 3097 judicium
1832 3006 2279 3098 muletamque

161 3178 164 3183 ,
221 3098 631 3174 descendere.
688 3102 891 3188 Quod
930 3132 1075 3177 cum
1115 3105 1276 3179 mihi
1300 3126 1399 3175 tot
1422 3105 1717 3178 fluctibus
1736 3100 2051 3198 terrisque
2070 3097 2292 3170 diviso

207 3201 585 3275 {amicorum
623 3202 983 3303 indignatio
1007 3205 1084 3276 ad
1104 3204 1561 3301 intempestiva
1579 3202 1727 3274 odia
1743 3198 2118 3273 vocantibus
2137 3199 2292 3271 lite-

223 3304 311 3376 ris
349 3299 741 3400 pertulisset3
772 3330 902 3375 non
934 3304 1160 3376 indulsi
1198 3303 1461 3388 dolori,
1499 3325 1604 3374 aut
1626 3298 1977 3398 repentinis
1995 3299 2287 3371 inimici·

220 3403 333 3475 tiis
354 3422 637 3473 mutatus
658 3399 810 3474 suui-
872 3408 1047 3478 Nam
1066 3414 1132 3477 δι
1163 3402 1573 3499 Magistratus
1596 3399 1869 3472 sciebam
1890 3445 1912 3479 ,
1947 3396 1991 3468 fi
2010 3398 2165 3497 quid
2185 3399 2285 3471 in-

217 3502 399 3596 juriae
420 3498 604 3575 esset.
626 3501 834 3602 ignoti
851 3501 1137 3595 bominis
1155 3502 1383 3573 libello
1399 3498 1725 3579 obtulisse,
1746 3498 1920 3597 quod
1938 3498 1980 3570 fi
2003 3501 2301 3571 maxime

217 3626 445 3675 meum
477 3596 604 3672 esse
642 3602 1087 3703 cognovissent
1104 3660 1127 3689 ,
1184 3623 1403 3672 tamen
1444 3596 1868 3700 pepercissent
1905 3597 2299 3698 diligentiae,

216 3729 409 3804 quam
425 3722 745 3805 praetextu
756 3702 1018 3804 publico
1035 3706 1102 3775 in
1121 3725 1226 3777 me
1246 3702 1549 3772 malevoli
1568 3694 1865 3773 homines
1882 3698 1981 3771 vel
2000 3699 2295 3795 imperiti·

881 3822 886 3827 ·
1256 3803 1326 3871 V
1382 3819 1445 3892 4
2076 3817 2307 3866 erexe-
