2738 4475
915 235 969 304 Ρ
1073 256 1123 305 a
1230 235 1631 307 R‘a-V.
2105 232 2275 330 657

229 351 401 413 veluti
436 352 661 429 antiqua
686 350 903 429 piCtura
931 349 998 407 ab
1026 369 1303 410 annorum
1338 353 1556 428 injuriis
1573 346 1987 424 infcaajacebit
2004 351 2063 408 in
2085 349 2188 409 (itu
2206 355 2263 411 ὃς

235 433 485 510 pulvere,
502 451 619 511 quo
636 429 849 488 facilius
862 444 1111 505 appareat
1123 429 1323 506 quibus
1339 431 1599 508 gradibus
1612 428 1784 486 animi
1799 429 1945 485 dona
1959 427 2167 490 fuerint
2182 433 2270 492 di·

243 527 481 570 minuta.

260 585 265 590 ’
318 592 450 646 Haec
481 586 793 665 indignatio
820 584 959 663 pene
991 584 1184 644 oculos
1215 604 1369 643 meos
1397 584 1714 643 condiderat
1744 584 1802 642 in
1819 583 2072 661 soporem
2090 623 2108 646 .
2137 605 2269 647 cum

233 665 521 724 Tot-rentii
538 664 925 744 &janicularis
941 663 1209 744 ligneolas
1230 662 1428 741 figuras
1445 702 1461 727 ,
1499 671 1553 724 ὃς
1574 663 1691 739 jam
1717 664 1782 721 ad
1802 667 2024 722 ruinam
2045 679 2273 724 nutante

305 745 411 802 adu
433 782 450 809 .
469 744 695 820 juvenes
726 744 794 800 de
827 744 1328 819 pontedejecerunt
1347 784 1363 806 ,
1393 740 1942 818 quinovissuffiagiis
1955 742 2274 803 ambiebant

233 761 565 881 geilitatem
583 822 739 899 regis.
797 820 1098 898 Utriusque
1126 821 1307 882 casus,
1340 820 1610 895 expressus
1635 837 1749 878 arte
1768 821 1908 879 mira
1925 859 1941 884 ‚
1977 823 2053 879 ita
2073 840 2269 880 manus

238 899 310 958 ad
326 899 552 958 salutem
569 920 867 977 corporum
889 900 1199 957 intenderat
1213 941 1230 965 ,
1253 915 1317 957 ut
1332 916 1547 976 putares
1562 897 1708 976 poss‘e
1717 898 1895 957 adhuc
1912 900 2113 964 vivere,
2127 918 2271 976 quoa

232 978 451 1036 tamdiu
468 979 647 1037 fataad
664 977 988 1037 Eleutheriae
1003 978 1232 1037 tutelam
1252 977 1395 1035 ultra
1415 976 1600 1036 solitos
1615 979 1782 1036 aetatis
1809 975 2004 1040 cursus,
2023 978 2269 1036 servave-

229 1056 815 1195 affidfflaffiiss
833 1055 2269 1214 &mss3⁰32&ss2sssssszssiz5¹sssssssss⁵gxssssff

792 1176 809 1202 2
2247 1175 2265 1202 2

229 1231 354 1291 quae
372 1214 711 1291 Liphippum
729 1215 788 1272 in
805 1214 1184 1290 posseffionem
1198 1212 1345 1271 orbis
1362 1213 1715 1279 inducebant,
1732 1215 1886 1272 taciti
1906 1213 2264 1272 mirabantur.

228 1296 313 1350 Ac
339 1293 526 1368 primo
557 1293 915 1352 incrementis
930 1291 1580 1369 fallentibusapparebant
1596 1292 1804 1371 fastigia
1817 1292 2094 1360 turrium;
2119 1311 2262 1353 mox

220 1369 283 1430 in
312 1371 484 1428 arduo
514 1374 801 1430 montium
832 1369 1198 1429 munitissima
1224 1368 1436 1428 castella
1479 1371 1769 1447 repebant.
1808 1371 2008 1449 quibus
2037 1371 2256 1447 Europa

222 1447 396 1506 veluti
415 1448 597 1507 fraenis
628 1455 984 1508 coerceretur.
1040 1450 1280 1527 Qaque
1307 1446 1577 1506 deficiunt
1607 1463 1851 1512 montes,
1882 1449 2027 1507 lacus
2058 1449 2257 1526 ingena

220 1525 335 1583 loci
353 1528 777 1594 munimentum
793 1525 1053 1600 objicitur
1068 1563 1085 1590 ,
1112 1525 1205 1582 ubi
1235 1524 1618 1601 profunditatis
1636 1525 1918 1586 immensae
1933 1527 2094 1584 tristis
2107 1525 2255 1603 aspe-

222 1604 348 1661 &us
378 1603 811 1662 inhorrescentes
839 1603 982 1662 circa
999 1603 1161 1662 latera
1175 1602 1426 1680 scopulos
1438 1603 1674 1682 suscipit.
1725 1605 1867 1664 Inde
1898 1605 2142 1683 legatum
2172 1606 2255 1663 ri-

224 1699 363 1769 gore
378 1680 639 1760 frigidi&
655 1684 904 1740 venenati
924 1683 1056 1741 ae'ris
1069 1683 1382 1740 extinEtum
1397 1681 1690 1742 efferebant
1704 1683 1895 1761 pullati
1914 1723 1930 1748 ‚
1963 1689 2019 1744 δι
2049 1682 2256 1740 fastuo-

221 1763 341 1816 1am
371 1777 636 1836 pompam
664 1759 729 1820 ad
760 1759 1005 1820 defunffi
1038 1779 1218 1819 mores
1246 1760 1619 1821 affimilabant.
1659 1761 2039 1839 suscipiebant
2052 1760 2259 1820 alienos

221 1837 445 1895 cineres
456 1838 812 1898 Alexandrini
833 1879 849 1904 ,
876 1842 931 1900 δι
963 1837 1207 1919 legatum
1241 1840 1379 1898 olim
1403 1840 1643 1899 suumin
1660 1841 1913 1899 Herris
1934 1839 2141 1897 famam
2158 1857 2258 1914 per

217 1916 2253 2077 afflatum}&asfflzssz'atuss‘zsszzfflzssg{2322‘332‘3112232222

218 2088 504 2148 perantem
521 2114 539 2140 ,
553 2079 608 2134 δι
623 2075 829 2134 futuras
845 2075 1019 2133 clades
1030 2116 1046 2141 ,
1075 2095 1189 2132 non
1204 2074 1534 2133 sustinuiffet
1548 2075 1800 2152 aspicere.

375 2161 537 2211 Hunc
563 2159 745 2229 patria
773 2151 971 2228 incensis
1000 2153 1217 2211 Rhetaeis
1254 2154 1513 2211 montibus
1539 2156 1720 2212 adum

374 2229 610 2306 Abstulit
637 2249 766 2291 atra
790 2232 920 2298 dies,
962 2229 1034 2300 ό·
1051 2230 1247 2310 funere
1274 2229 1456 2308 mersit
1487 2231 1685 2298 acerbo,

376 2309 609 2368 Poelicem
636 2326 761 2370 ante
787 2311 942 2379 olion
987 2314 1081 2387 qui
1110 2330 1207 2369 non
1233 2309 1487 2385 hostilibus
1517 2313 1700 2376 armis,

377 2388 489 2443 Nec
516 2400 661 2462 prece
678 2426 695 2452 ‚
736 2407 824 2444 nec
849 2391 1016 2465 pretio
1043 2390 1214 2445 vidua
1232 2426 1248 2451 ‚
1287 2390 1500 2446 virtuu
1515 2387 1708 2464 seven!

378 2463 585 2523 Maluit
613 2464 845 2538 obsitum
874 2463 1179 2520 Acherontis
1209 2463 1375 2537 visere
1401 2468 1560 2538 ripas,

381 2546 605 2599 Cernere
631 2560 796 2629 quam
815 2540 943 2615 sava·
962 2538 1175 2615 funesta
1201 2540 1428 2614 trophea
1454 2540 1709 2616 ziphippi.
2221 2580 2224 2585 «

302 2617 611 2676 Claudebat
637 2626 854 2675 icenam
889 2617 1203 2691 Geryonia‚
1234 2634 1357 2693 quae
1390 2615 1459 2672 de
1485 2618 1633 2693 regia
1664 2616 2008 2678 Alexandriae
2031 2618 2250 2697 depulsi

226 2694 690 2770 Hermaphroditi
719 2693 947 2753 consilio
973 2696 1032 2752 in
1063 2695 1268 2751 Licinii
1305 2694 1653 2753 connubium
1698 2695 1768 2753 de
1796 2698 1959 2756 noete
1985 2698 2250 2758 veniebat.

224 2773 426 2831 Praesto
440 2784 558 2831 erat
572 2774 637 2831 ad
656 2773 1026 2832 ministerium
1043 2772 1265 2830 dextera
1280 2772 1545 2831 maritalis
1558 2813 1576 2838 ,
1611 2777 1667 2833 &
1695 2774 1789 2831 ille
1802 2788 1947 2835 torta
1960 2777 2027 2836 ad
2044 2790 2249 2837 nutum

220 2852 439 2910 cervice
452 2851 750 2928 accipiebat
765 2869 1020 2909 uxorem.
1065 2852 1239 2927 Supra
1268 2868 1331 2908 ca
1373 2865 1434 2909 ut
1460 2853 1757 2929 Geryoniae
1788 2854 1901 2912 duo
1919 2856 2086 2914 verba
2099 2856 2249 2936 lege-

215 2931 441 2994 bantur,
482 2938 663 3008 Equus
677 2934 916 3008 Sejanus.
960 2930 1083 2987 Nec
1113 2929 1282 3007 longe
1308 2948 1338 2985 a
1408 2948 1476 2986 eo
1505 2930 1630 2989 loco
1647 2931 1715 2989 de
1731 2933 1935 2992 ferrato
1950 2953 2162 2993 carcere
2179 2935 2242 2994 in

213 3009 526 3067 libertatem
545 3009 770 3068 exibant
784 3008 1042 3067 Veritatis
1056 3005 1212 3065 sacris
1228 3025 1323 3081 per
1336 3006 1530 3085 longas
1543 3008 1876 3069 calamitates
1891 3013 2110 3070 addicti.
2146 3013 2236 3070 In·

215 3101 302 3144 ter
314 3106 440 3148 eos,
472 3090 527 3146 ὃῑ
544 3088 748 3149 Botris.
780 3090 835 3146 δι
852 3086 1046 3164 Capilu
1091 3105 1151 3142 us
1170 3125 1186 3150 ,
1211 3088 1266 3144 ὃς
1282 3087 1537 3147 Tamus,
1568 3093 1622 3150 δε
1640 3086 1885 3165 quisquis
1900 3092 1959 3147 in
1973 3089 2240 3150 seditione

156 3180 164 3195 ⁸
216 3166 520 3242 Acigniaua
534 3181 597 3224 ut
610 3168 750 3224 iekus
765 3163 1032 3243 effugeret
1045 3105 1265 3222 gxeum
1283 3163 1689 3223 roburinvenit.
1736 3168 1911 3243 Prope
1935 3204 1952 3231 ,
1982 3168 2148 3225 vicini
2165 3186 2237 3223 ae-

258 3243 406 3299 uoris
434 3243 592 3301 undis
620 3243 898 3301 innatabat
927 3241 1133 3301 divulsa
1164 3240 1271 3298 suis
1298 3243 1754 3301 radicibusinsula
1770 3246 1902 3302 Veri
1918 3270 1937 3313 3
1978 3245 2042 3302 ad
2059 3263 2233 3322 quam

212 3261 591 3379 {lemmatibus
616 3324 787 3379 remis
815 3322 1139 3399 navigabant
1154 3320 1233 3377 illi
1246 3323 1554 3397 omnesqui
1568 3322 1846 3397 Geryonis
1855 3320 2098 3381 carnifici
2106 3341 2236 3383 nam

216 3413 530 3475 opportuna
546 3401 768 3473 tyranni
785 3414 965 3456 morte
978 3400 1293 3456 vitaverant.
1336 3399 1601 3455 Er-statim
1620 3401 1839 3457 interno
1856 3415 2015 3459 motu
2030 3401 2232 3460 cess‘an-

212 3488 307 3536 te.
336 3477 539 3553 quietis
550 3479 713 3542 rotis.
744 3474 1047 3554 fidibusque
1058 3495 1154 3553 per
1169 3490 1359 3551 operta
1377 3476 1645 3538 reductis,
1673 3477 1899 3555 posuere
1927 3477 2075 3557 figna
2097 3499 2231 3538 con·

210 3554 413 3694 fessam
430 3554 709 3690 adi-ludum
727 3555 899 3612 vitam
913 3592 930 3618 ‚
947 3560 1022 3621 δι,
1037 3553 1310 3614 crescente
1325 3554 1570 3615 tabulato
1582 3556 1822 3616 obducta
1835 3596 1851 3621 ,
1881 3558 1941 3615 in
1953 3556 2228 3636 capsulam

243 3651 371 3691 uam
403 3652 462 3689 re
503 3651 628 3690 iere.

294 3712 602 3771 Tranfierat
628 3712 689 3768 in
719 3711 994 3786 stuporem
1024 3722 1437 3769 automatorum
1455 3711 1822 3790 spectaculum
1842 3755 1858 3780 ,
1887 3733 2018 3772 cum
2035 3714 2223 3772 Theo·

201 3788 428 3871 philus.
457 3789 617 3870 Qid
648 3790 902 3870 agimus?
936 3791 1154 3869 inquit3
1189 3802 1335 3869 patet
1327 3792 1533 3926 Tetiam
1565 3791 1905 3854 elementum
1923 3810 2231 3929 comrgfme

1397 3880 1422 3925 t
2038 3888 2069 3928 a
2135 3885 2247 3933 utu
