2738 4475
433 139 577 242 184
897 143 1966 223 Buranun-Saevum

414 264 697 363 primum
732 259 868 363 ipsa
879 264 1202 340 Musarum
1224 268 1634 366 pulchritudo
1654 264 1922 340 fortunae
1941 258 2303 351 sordescere
2315 288 2488 341 σω·-

418 363 559 463 pit,
592 361 826 436 deinde
859 365 929 437 in
970 370 1429 441 contumeliam
1471 371 1680 452 verti,
1718 388 1786 439 ut
1808 368 1935 461 jam
1952 364 2107 437 nihil
2124 365 2476 466 indignius

411 484 714 561 putetur,
751 488 940 563 quam
959 466 1057 537 illi
1077 491 1337 541 carmen
1403 495 1477 540 ro
1503 468 1777 556 donario
1797 463 2185 563 appendisse.
2256 526 2259 529 .
2344 538 2357 547 Α
2408 493 2417 549 ;

407 622 414 629 .
524 560 848 634 Caeterum
885 566 1195 639 excubare
1232 566 1300 638 in
1361 593 1485 639 ano
1499 564 1816 665 supplices
1834 563 2079 645 solent,
2114 587 2321 664 neque
2338 588 2470 637 un-

420 684 614 760 quam
651 657 714 733 se
750 664 954 734 oculis
990 665 1290 737 Fortuna:
1326 664 1687 738 subducere.
1757 660 1898 762 lpsa
1933 661 2262 737 levissimo
2291 684 2462 737 nutu

411 761 658 859 ubique
694 762 1017 834 cervicem
1046 763 1331 836 inflectit
1353 813 1378 850 ‚
1412 773 1481 840 &
1505 765 1545 836 fi
1569 761 2152 864 quandogratiosos
2171 758 2460 835 offendit

421 861 698 932 cultores
719 907 743 941 ,
781 861 1035 934 meliori
1068 864 1244 935 vultu
1260 859 1669 937 felicissimos
1688 862 1981 936 homines
2003 855 2230 931 salutat
2246 907 2270 943 ‚
2308 858 2469 933 suis-

418 981 547 1055 que
566 957 799 1032 deinde
819 961 1262 1036 Sacerdotibus
1280 962 1703 1036 inclinatione
1716 957 1943 1035 frontis
1956 955 2266 1030 ostendit.
2305 962 2468 1035 Nec

415 1058 517 1128 illi
536 1080 746 1130 rerum
762 1056 1178 1134 humanarum
1198 1062 1438 1134 arbitro
1453 1064 1735 1142 Numini
1755 1078 2105 1160 repugnant
2122 1103 2145 1138 ‚
2164 1054 2272 1129 sed
2290 1082 2455 1130 mox

425 1155 465 1229 ὲ
483 1156 663 1228 turba
677 1159 966 1232 eximunt
981 1185 1144 1259 quos
1162 1160 1503 1261 benignior
1520 1158 1769 1234 fortuna
1787 1159 2008 1257 selegit
2027 1212 2048 1242 ,
2083 1152 2462 1229 coronatos·

421 1281 549 1357 que
569 1256 746 1330 lauro
764 1310 788 1342 ‚
825 1260 997 1333 velut
1014 1282 1387 1357 temporum
1405 1270 1471 1336 &
1494 1258 1812 1360 sapientiae
1833 1259 2111 1330 victores
2129 1302 2155 1337 ‚
2188 1254 2269 1327 ad
2287 1253 2465 1329 sum·

421 1379 602 1430 mum
623 1352 892 1429 fortunae
908 1357 1259 1433 antistitem
1276 1358 1595 1434 adducunt
1615 1384 1639 1450 ·,
1659 1361 1712 1431 is
1732 1368 2058 1457 Protagon
2078 1357 2462 1453 appellatur.

421 1455 560 1527 illic
602 1455 919 1531 ambitiofi
957 1459 1163 1533 exitus
1205 1462 1343 1532 voti
1369 1500 1391 1535 2
1422 1462 1559 1534 illic
1593 1485 1965 1562 magnarum
1986 1457 2467 1557 cogitationum

415 1576 684 1654 portum
709 1556 883 1631 iratis
902 1556 1154 1631 aestibus
1175 1554 1507 1661 ventisque
1528 1557 1782 1633 fortuna
1801 1557 2142 1631 subduxit..
2450 1586 2453 1591 ·

530 1658 616 1729 Et
644 1650 803 1741 scis,
851 1658 1114 1759 inquam
1135 1706 1157 1742 ‚
1193 1682 1414 1758 pater,
1450 1662 1869 1734 Sacerdotum
1906 1657 2173 1729 nomina
2208 1656 2321 1755 qui
2340 1656 2474 1729 ini·-

426 1751 622 1827 tiatos
659 1755 738 1827 ad
779 1754 1104 1835 felicitatis
1143 1758 1312 1831 bona
1345 1762 1411 1830 in
1461 1762 1811 1833 sacrarium
1831 1756 2213 1851 Protagonis
2349 1757 2475 1826 du-

427 1858 628 1931 cunt?
677 1857 928 1951 Qidni
948 1903 970 1939 ,
1012 1859 1256 1955 inquit,
1299 1854 1530 1933 sciam,
1564 1881 1710 1927 cum
1727 1857 1806 1925 iis
1822 1852 2204 1922 creberrima
2247 1851 2469 1946 uppli-

427 1975 582 2024 cent
621 1977 806 2037 vota,
847 1979 992 2025 cum
1017 1965 1083 2027 &
1113 1957 1439 2050 Protagon
1463 1958 1528 2021 δι
1551 1955 1827 2021 Fortuna
1840 1974 1919 2019 ex
1942 1944 2219 2042 ipsorum
2237 1945 2459 2017 consi-

285 2046 351 2097 δ”·
415 2050 632 2127 ‚liosua
650 2052 899 2119 oracula
914 2055 1355 2146 componant?
1415 2051 1738 2124 Omnium
1776 2041 2253 2146 potentissimus
2271 2040 2467 2117 exse-

420 2146 689 2217 veritate
707 2169 946 2217 nomen
963 2148 1208 2219 invenit
1229 2192 1252 2227 ‚
1306 2150 1376 2219 δι
1397 2142 1784 2221 Doromisus
1802 2144 2153 2244 appellatur
2174 2170 2195 2215 ε
2232 2142 2341 2216 hic
2362 2142 2466 2217 est

470 2245 534 2315 ui
573 2245 814 2342 primus
844 2269 1068 2317 eorum
1097 2243 1367 2320 nomina
1401 2247 1479 2320 ad
1512 2255 1946 2346 Protagonem
1979 2239 2232 2332 descrt3
2289 2268 2462 2342 quos

419 2271 675 2416 sortuna
691 2341 987 2443 respexit.
1006 2345 1132 2420 Sed
1152 2343 1555 2444 supercilium
1573 2343 1749 2432 suurn
1769 2340 2243 2418 durissimaarte
2263 2343 2463 2418 effin-

422 2441 523 2544 git
545 2484 570 2522 ‚
596 2441 839 2542 ipsique
856 2438 1121 2517 fortunae
1142 2446 1330 2518 audet
1344 2445 1523 2517 irasci
1544 2491 1568 2525 ‚
1610 2444 1651 2517 fi
1670 2443 1928 2545 quando
1946 2442 2288 2542 benignius
2308 2440 2467 2542 sup-

423 2540 811 2640 plicantibus
829 2543 1143 2644 indulget.
1160 2548 1251 2620 Et
1267 2566 1485 2617 tamen
1506 2543 1682 2615 istius
1701 2548 1868 2616 Deae
1886 2539 2214 2615 beneficio
2226 2542 2297 2613 in
2311 2566 2465 2637 curn

423 2641 696 2738 gradum
732 2639 1143 2730 conscendit,
1197 2644 1267 2716 in
1305 2649 1439 2745 quo
1481 2643 1752 2741 politum
1769 2641 2222 2716 Eleutheria&
2245 2638 2461 2740 seipse

418 2737 686 2816 forsitan
722 2742 1001 2814 miratur.
1059 2746 1240 2817 Nam
1276 2745 1345 2814 in
1383 2745 1658 2842 privatas
1696 2740 1837 2842 spes
1874 2742 2191 2821 adolevit,
2247 2747 2315 2813 δι
2340 2741 2463 2811 ali-

427 2838 689 2938 quando
720 2842 1018 2917 Fortunae
1056 2843 1378 2940 templum
1408 2840 1710 2943 ingressus
1735 2889 1755 2924 ,
1790 2839 2004 2913 nescio
2021 2864 2143 2937 qua
2156 2840 2313 2910 Deae
2338 2831 2467 2910 be-''

429 2929 802 3011 nevolentia
835 2937 915 3011 ad
951 2947 1395 3041 Protagonem
1428 2941 1750 3014 traductus
1783 2940 1875 3012 est
1897 2985 1919 3020 ‚
1976 2963 2126 3010 mox
2161 2936 2462 3010 similitu-

428 3038 584 3110 dine
618 3062 870 3111 morum
889 3040 1260 3112 conciliatus
1283 3086 1305 3123 ,
1343 3065 1492 3111 cum
1511 3037 1939 3112 solertiffimus
1954 3037 2259 3110 homoita
2278 3037 2466 3134 cupi-

428 3136 665 3209 ditates
701 3159 1066 3239 torqueret,
1121 3161 1190 3212 ut
1229 3140 1507 3212 omnino
1542 3138 1858 3211 videretur
1892 3135 2118 3210 iisdem
2153 3135 2456 3210 sideribus

428 3255 803 3333 conceptus.
862 3242 1083 3338 Itaque
1102 3239 1197 3314 rei
1218 3235 1505 3310 familiari
1525 3235 1858 3336 praefefius
1878 3235 1971 3310 est
1989 3284 2014 3319 ‚
2049 3237 2144 3307 vir
2174 3235 2460 3336 ingentis

431 3352 668 3416 naturae
685 3379 707 3415 ,
749 3341 818 3411 δε
833 3363 1024 3437 quem
1046 3384 1071 3424 ,
1106 3338 1147 3410 fi
1171 3364 1277 3411 me
1294 3338 1497 3439 digno
1520 3338 1738 3434 precio
1757 3357 1998 3408 emeret
2014 3382 2037 3417 ‚
2094 3358 2323 3408 contra
2352 3327 2471 3407 ἰπὶ-ι’

430 3429 729 3528 vidorum
749 3457 1116 3535 argumenta
1130 3439 1197 3509 in
1214 3439 1456 3510 ccelum
1479 3430 1879 3507 meritissima
1898 3434 2349 3532 praedicatione
2364 3436 2476 3534 leg

432 3552 675 3606 varem-
724 3535 908 3605 Illius‘
927 3538 1284 3634 potentiam
1302 3536 1722 3614 Torrentius,
1746 3541 1810 3607 δι
1834 3534 2473 3638 Neapolitanus‚Ja-.

435 3628 726 3707 nicularis
763 3655 1020 3734 quoque
1038 3659 1112 3708 ac
1132 3631 1367 3711 Cursor
1384 3677 1408 3718 ,
1461 3633 1598 3708 aliis
1617 3633 1969 3708 rationibus
1990 3635 2279 3805 P¹0¹⁵¹p²
2297 3657 2467 3732 con-35

1716 3755 1723 3762 ·
1907 3751 1917 3766 ·
2044 3743 2052 3752 '
2210 3754 2451 3831 equun-
2474 3755 2489 3766 ·
