2738 4475
516 265 660 345 372
739 250 779 331 J
994 248 2071 327 Eur-nonmsnvnrcr

494 449 497 452 Α
524 395 674 442 narn
695 392 766 440 re
816 373 1051 440 arantess
1086 371 1241 443 Nec
1264 371 1697 468 dubiumfluin
1712 371 1819 441 illa
1837 368 2056 441 libido
2072 369 2428 456 titulorum,
2448 372 2571 449 niti

529 465 663 568 ipsa
678 468 739 539 se
758 395 1009 566 {li-angat
1029 515 1052 550 ,
1074 470 1272 542 curias
1293 520 1316 556 ,
1330 471 1654 542 tribunalia
1669 519 1694 555 ,
1713 465 2124 569 praefeRuras
2138 526 2161 555 ,
2199 470 2461 543 tandem
2483 472 2570 544 fit

527 571 739 642 viliori
752 565 791 636 s
780 570 1054 668 anguine
1075 568 1474 670 angustisque
1490 571 1706 641 animis
1722 572 2138 641 maculatura.

630 668 895 764 Qippe
935 667 971 738 ὲ
1008 667 1447 742 sordidiffimis
1483 669 1712 741 artibus
1742 670 1927 740 multi
1945 667 2464 766 compendiosius
2483 669 2566 744 ad

523 767 780 837 divitias
838 789 1183 866 properant
1202 825 1221 853 ‚
1277 794 1465 868 quam
1499 770 1751 868 antiqua
1781 768 2122 840 nobilitate
2153 764 2564 865 speflabiles,

523 863 925 964 paternisque
962 863 1191 964 opibus
1231 889 1482 940 utentes
1520 895 1599 940 ex
1633 867 1930 963 majorum
1969 868 2318 967 dignitate.
2404 877 2568 943 Hoc

526 964 728 1039 modo
745 1011 767 1046 ‚
792 965 946 1036 dum
969 968 1045 1037 ad
1065 969 1355 1039 emendae
1378 970 1617 1051 Curiae,
1639 991 1743 1038 aut
1765 964 2146 1065 praefecturae
2166 1014 2190 1048 ‚
2221 968 2569 1057 ambitum,

524 1088 931 1137 nummorum
953 1066 1373 1165 pugnainitur
1392 1120 1414 1154 ,
1454 1067 1526 1139 sa?
1539 1066 1790 1164 piffime
1808 1069 1853 1138 ii
1869 1069 2121 1138 vincunt
2144 1115 2163 1146 ,
2197 1067 2310 1164 qui
2331 1089 2401 1137 ut
2418 1065 2565 1139 sitn-

526 1165 720 1263 guine
737 1163 819 1234 sic
840 1174 905 1238 Bc
927 1169 1191 1264 ingenio
1216 1168 1471 1238 cedunt.
1519 1167 1993 1266 Accedit,quod
2011 1165 2392 1238 vetustarum
2411 1166 2568 1238 stir-

528 1266 701 1359 pium
723 1264 839 1336 viri
861 1290 989 1333 non
1010 1288 1140 1336 tam
1164 1269 1478 1362 pervicaci
1497 1265 1708 1337 studio
1724 1264 1852 1337 suas
1867 1291 2016 1366 opes
2032 1266 2453 1364 dignitatibus
2475 1268 2568 1338 il-

526 1365 605 1434 lis
626 1362 873 1434 donant
898 1413 921 1446 ‚
973 1390 1161 1462 quarn
1183 1365 1482 1437 homines
1504 1366 1709 1438 adhuc
1734 1368 1879 1439 novi
1898 1414 1919 1449 ,
1950 1369 2059 1464 qui
2075 1366 2109 1437 ὲ
2125 1364 2375 1436 latebris
2399 1392 2567 1464 quas

520 1488 676 1534 auro
694 1463 1115 1533 condiderunt
1132 1488 1349 1537 eruere
1371 1464 1538 1538 filios
1564 1488 1909 1565 properant
1927 1516 1952 1553 ,
1971 1476 2033 1540 &
2053 1491 2187 1537 earn
2204 1463 2561 1536 nobilitatis

523 1564 799 1661 gloriam
822 1560 941 1633 suae
962 1566 1145 1664 genti
1164 1591 1380 1638 emere
1401 1614 1422 1647 ,
1463 1593 1654 1667 quarn
1689 1565 1930 1667 absque
1945 1569 2073 1639 ullo
2088 1561 2404 1662 sumptuin
2419 1562 2559 1636 ha:-

523 1662 811 1734 reditatis
837 1687 1080 1761 partem
1106 1668 1367 1738 Patricii
1387 1668 1645 1739 habent.

630 1766 734 1836 Sic
762 1768 1063 1861 paulatini
1087 1764 1152 1837 hi
1172 1767 1448 1837 honores
1477 1766 1903 1838 sordidiorum
1928 1768 2053 1841 effe
2075 1760 2339 1866 possunt,
2355 1761 2432 1862 (fi
2452 1789 2565 1860 pc·-

525 1866 725 1934 cuniae
745 1886 993 1936 tantum
1016 1866 1408 1944 conceditur)
1431 1875 1496 1937 δε
1522 1863 1722 1936 forsan
1745 1867 2096 1961 aliquando
2112 1922 2132 1950 ,
2173 1867 2241 1934 in
2273 1863 2577 1962 ignobili-

520 1968 679 2033 tatis
697 1960 1116 2060 suspicionem
1137 2017 1158 2045 ‚
1201 1988 1419 2032 eorum
1444 1961 1808 2031 nominibus
1829 1962 2100 2033 censeri.
2157 1965 2397 2062 Neque
2428 1962 2577 2034 ideo

523 2061 656 2129 fisci
691 2060 990 2128 industria
1029 2061 1305 2150 maligna
1342 2059 1793 2124 criminatione
1825 2060 2144 2152 carpenda
2176 2060 2271 2131 est
2294 2111 2317 2147 ‚
2369 2062 2584 2160 quide

516 2155 826 2242 ejusmodi
851 2150 1353 2222 Candidatorurn
1376 2149 1564 2221 bonis
1587 2148 1922 2221 excrescit.
1996 2156 2174 2225 Nam
2194 2163 2298 2227 cui
2322 2186 2466 2231 non
2491 2159 2589 2232 sa·

510 2254 631 2317 tius
667 2248 952 2315 videatur·
985 2241 1258 2341 profeffo
1298 2250 1518 2343 precio
1556 2249 1907 2346 dignitates
1929 2252 1965 2320 ὲ
1991 2252 2296 2345 Principe
2315 2263 2591 2333 molem

508 2345 826 2443 publicam
860 2341 1158 2414 subeunte
1191 2347 1513 2442 proponi,
1565 2371 1754 2444 quarn
1805 2349 2002 2417 avaris
2054 2355 2592 2442 Purpuratorum

513 2441 819 2542 suffragiis
841 2444 906 2515 in
979 2442 1206 2515 raedam
1229 2447 1583 2517 concedere
1607 2444 1638 2517 ?
1691 2446 1800 2544 qui
1817 2493 1838 2526 ,
1858 2447 1968 2518 ubi
1984 2446 2118 2517 haec
2138 2446 2393 2541 publica
2411 2449 2587 2524 lici-

517 2548 679 2641 taqio
720 2569 854 2614 non
891 2471 1021 2621 est,
1060 2543 1406 2614 obtrudunt
1436 2546 1731 2645 Regibus
1758 2545 2156 2618 Candidatos
2182 2588 2204 2623 ,
2257 2572 2422 2645 quos
2447 2549 2583 2625 fibi

492 2714 495 2719 ,
518 2669 780 2720 munere
802 2643 1190 2717 charissimos
1209 2639 1477 2721 fecerint
1499 2670 1522 2734 3
1563 2652 1629 2716 &
1651 2645 1826 2743 quod
1845 2645 1882 2715 Ξι
1903 2646 2172 2717 domino
2188 2645 2573 2744 impetrant,

518 2746 753 2814 deinde
776 2742 1116 2813 clientibus
1137 2743 1438 2814 vendunt.
1493 2750 1591 2818 Ut
1613 2769 1731 2816 nec
1753 2746 2020 2818 meliore
2042 2742 2259 2816 sortitu
2278 2747 2580 2822 dele&os

516 2840 905 2937 Respublica
941 2842 1253 2939 accipiat,
1309 2867 1431 2913 nec
1465 2842 1708 2916 interfit
1747 2864 1969 2916 eorum
2005 2846 2109 2940 qui
2133 2844 2206 2914 ad
2230 2846 2575 2920 tribunalia

517 2937 777 3016 subvehi
795 2938 1084 3011 ambiunt
1107 2987 1126 3022 ‚
1170 2964 1380 3012 utrum
1401 2944 1818 3040 cupiditatem
1841 2944 2163 3042 dignitatis
2184 2939 2290 3011 sub
2311 2945 2577 3016 Princi-

518 3071 600 3142 pe
637 3067 713 3112 an
738 3038 845 3110 sub
866 3041 1554 3138 Optimatibusluant3
1609 3046 1923 3139 utrimque
1949 3042 2079 3138 pari
2100 3035 2316 3136 sydere
2338 3043 2407 3110 in
2447 3071 2572 3142 pa-

517 3142 807 3215 trimonii
827 3143 1070 3213 ruinam
1097 3164 1526 3237 percurrente.
1613 3147 1775 3214 Haec
1805 3143 2005 3240 ‚igitur
2043 3140 2364 3210 tolerabili
2382 3143 2576 3215 insti-

517 3265 651 3312 tuta
672 3239 961 3324 confilio,
987 3241 1115 3331 jam
1140 3237 1281 3336 ipso
1308 3236 1515 3329 furore
1537 3243 1918 3313 licitantium
1940 3241 2006 3309 in
2027 3264 2312 3337 praeceps
2332 3240 2570 3328 abiere,

515 3342 625 3436 qui
646 3349 712 3409 &
736 3340 1078 3410 mediocris
1101 3339 1320 3409 census
1342 3341 1641 3410 virtutem
1665 3339 2007 3410 excludunt
2028 3395 2045 3422 ,
2087 3348 2153 3411 δι
2183 3358 2334 3423 tota
2359 3360 2558 3437 ‘opum

513 3440 687 3512 mole
706 3460 817 3505 eos
842 3439 1090 3509 honore
1123 3439 1444 3509 redimunt
1466 3488 1489 3524 ‚
1543 3439 1769 3536 quibus
1814 3437 1930 3537 ipsi
1973 3461 2103 3511 tarn
2144 3439 2556 3512 immodicum

514 3535 801 3633 precium
820 3531 1050 3607 fecere.
1651 3552 1656 3555 “
1899 3610 1904 3611 ff

534 3697 538 3703 .
618 3640 717 3707 Ut
753 3657 906 3704 vero
926 3685 947 3717 ,
986 3660 1117 3733 quo
1147 3632 1508 3731 generosius
1527 3635 1674 3705 vina
1696 3635 2003 3707 adolitura
2025 3633 2203 3716 sunt,
2257 3661 2339 3707 eo
2358 3633 2549 3706 adbuc

511 3731 795 3808 recentia
811 3732 1228 3805 turbulentius
1249 3728 1626 3832 despumant
1647 3782 1672 3822 ,
1722 3737 1809 3806 ita
1831 3736 2006 3806 istius
2025 3738 2239 3835 gentis
2261 3792 2283 3821 ‚
2328 3736 2404 3806 ad
2431 3732 2570 3831 ἔκι-ο

2349 3856 2544 3911 mam-
