2738 4475
484 231 621 333 ²515
951 233 1462 307 Eupuom.
1513 234 2004 305 §arraret

467 365 537 435 in
571 357 897 435 consortio
935 355 1295 431 Musarum:
1335 361 1504 427 nulla
1520 351 1918 447 familiarium
1941 377 2142 427 rerum
2162 349 2520 437 solicitudo

475 461 885 533 nobilitatem
921 459 1279 529 animorum
1313 457 1570 529 deducit
1602 457 1670 525 in
1692 479 1968 525 terram:
2024 455 2228 543 &jam
2252 455 2358 527 hic
2378 455 2536 531 feli-

476 563 743 633 citatem
759 557 1039 629 ordimur
1059 613 1081 641 ,
1123 583 1315 651 quam
1337 557 1524 627 nobis
1544 555 1950 629 certissimam
1968 555 2036 625 in
2052 553 2366 651 syderibus
2390 555 2520 635 sata

477 657 843 755 disponunt.
897 655 1307 729 Recensebat
1345 655 1578 727 deinde
1620 655 2118 751 complui-imm,
2156 657 2362 751 quiex
2382 687 2524 729 am·-

473 755 763 857 pliss‘imis
783 753 1081 855 gentibus
1101 757 1167 825 in
1185 751 1355 829 suam
1377 753 1686 827 familiam
1706 751 2032 831 venissent,
2060 761 2126 827 aa
2151 781 2344 851 quam
2373 763 2546 835 mali·

471 857 679 927 exitus
719 857 877 925 alios
911 853 1357 951 occupassent,
1399 857 1508 951 qui
1546 875 1676 925 tam
1696 853 1948 951 egregia
1968 847 2218 923 fortuna
2236 855 2530 931 nescive-

473 977 613 1028 tant
657 957 773 1025 uti.
829 959 981 1053 Ego
1015 977 1225 1027 autern
1249 955 1514 1049 Acignii
1535 955 1854 1032 machinas
1876 947 2126 1049 perosus
2148 1002 2172 1035 ,
2200 981 2332 1051 quo
2352 961 2530 1053 plura

473 1057 543 1127 in
583 1079 727 1125 eam
747 1051 1129 1125 sententiam
1151 1051 1538 1149 congerebat
1556 1097 1578 1131 ‚
1616 1077 1698 1121 eo
1722 1051 2058 1149 malignius
2082 1053 2410 1141 aversabar
2426 1059 2464 1127 d
2474 1063 2526 1127 i·-

473 1175 757 1227 centem.
815 1155 1123 1227 Paulatim
1145 1153 1373 1223 exinde
1393 1153 1676 1247 elanguit
1698 1153 1894 1246 pietas
1918 1177 2056 1221 mea
2084 1183 2100 1225 :
2138 1161 2200 1225 δέ
2228 1157 2522 1253 Acignii,

473 1277 977 1349 caeterorumque
1021 1249 1560 1347 Philosophorum
1581 1253 1812 1319 iterato
1834 1249 2354 1323 consuetudinem
2380 1259 2522 1347 eju-

473 1355 641 1427 ravi:
689 1377 805 1421 nec
845 1376 948 1421 me
969 1351 1245 1431 latebat,
1283 1349 1500 1421 nescio
1522 1349 1852 1449 quomodo
1872 1351 2522 1425 emoverihominum

473 1475 723 1525 mentes
749 1497 769 1531 ‚
815 1459 881 1523 &
919 1445 1285 1521 suavissimo
1321 1475 1576 1521 veneno
1608 1451 1908 1521 intinffits
1960 1449 1994 1517 Ξι
2020 1451 2516 1549 Philosophisin

473 1549 609 1623 suas
643 1551 1025 1623 Academias
1053 1549 1301 1621 deduci.
1362 1557 1590 1649 Itaque
1614 1545 1968 1647 priusquam
1994 1575 2074 1619 eo
2096 1552 2520 1625 medicamine

471 1653 793 1751 perirem,
833 1653 1003 1723 viam
1039 1649 1169 1741 jam
1205 1651 1361 1721 olim
1400 1651 1778 1723 destinatam
1816 1653 1882 1717 in
1906 1651 2524 1727 Scolimorrhodiam

473 1753 793 1851 aggreffus
815 1747 971 1825 sum.
1025 1749 1151 1823 Sed
1171 1755 1235 1821 δέ
1257 1751 1321 1821 in
1343 1753 1620 1821 maculas
1642 1799 1662 1833 ,
1684 1775 1834 1845 quas
1854 1769 2194 1841 tantopere
2214 1753 2522 1833 vitabam,

473 1851 855 1925 miserabilis
891 1847 1179 1935 offendi,
1215 1847 1630 1945 monstroque
1648 1847 1928 1919 maximo
1946 1845 2140 1913 didici
2164 1847 2398 1943 ubique
2422 1861 2526 1923 A-

475 1953 765 2051 cignium
795 1949 943 2021 esse·
991 1949 1321 2019 Caeterum
1357 1949 1624 2017 minime
1658 1939 2112 2035 Theophrasto
2134 1941 2516 2037 significavi,

475 2075 585 2120 me
617 2051 685 2120 in
704 2043 1313 2122 Scolimorrhodiam
1331 2043 1634 2136 cogitare.
1686 2063 1832 2108 nam
1854 2047 1914 2106 δέ
1944 2039 2268 2106 levitatem
2292 2065 2504 2110 meam

469 2146 779 2214 timebam
805 2142 963 2239 apud
985 2142 1163 2208 illum
1185 2138 1530 2234 proscribi,
1580 2161 1646 2207 ac
1673 2158 1970 2232 praeterea
1996 2134 2038 2204 sr
2062 2138 2124 2204 in
2150 2138 2506 2208 Scolimor-

463 2240 757 2310 rhodiam
791 2260 1045 2336 quoque
1087 2238 1451 2334 malignitas
1500 2242 1794 2308 Deorum
1834 2234 2158 2332 prosecuta
2194 2232 2394 2306 fuisset
2416 2234 2512 2309 fu-

461 2340 753 2438 gientem
775 2396 799 2424 ,
841 2334 1137 2408 volebam
1161 2336 1235 2406 ad
1259 2342 1321 2406 T
1333 2336 1778 2432 heophrastum
1798 2334 2004 2406 redire
2022 2382 2042 2414 ‚
2088 2336 2514 2434 damnataque

460 2438 643 2508 omni
663 2434 771 2534 spe
793 2438 857 2506 in
879 2436 1125 2534 ingrata
1141 2439 1355 2534 quiete
1375 2434 1562 2506 senes
1554 2438 2038 2508 cere.Mentitua
2058 2434 2212 2532 itaq3
2242 2436 2520 2508 adThe-

467 2534 757 2612 mistiurn
779 2538 901 2606 iter
921 2584 943 2620 ,
961 2560 1039 2606 ex
1057 2538 1183 2606 Ilio
1203 2534 1470 2610 discefli.
1522 2538 1828 2608 Necdum
1848 2538 2060 2606 omnis
2083 2540 2206 2606 mei
2230 2538 2514 2608 criminis

467 2638 713 2708 utilitas
737 2634 1057 2708 defecerat
1075 2686 1099 2722 ,
1131 2634 1578 2734 restabantque
1602 2638 1846 2734 aliquot
1866 2638 2224 2714 nurmnhex
2246 2638 2514 2734 iis,quos

465 2738 837 2816 Anemonis
853 2736 1129 2828 conjunx
1153 2732 1362 2808 secum
1385 2738 1542 2806 olim
1566 2736 1630 2806 in
1652 2736 1812 2806 finus
1836 2735 2140 2806 effuderat
2152 2738 2516 2806 nostrosAEt

461 2838 591 2928 jam
611 2856 879 2932 quatuor
895 2858 1247 2906 erraveram
1269 2838 1439 2904 luces
1466 2882 1486 2916 ‚
1505 2860 1714 2930 neque
1734 2836 1998 2904 multum
2024 2836 2270 2904 aberam
2292 2836 2324 2904 ὲ
2343 2838 2508 2914 lacu,

473 2934 583 3032 qui
609 2932 1217 3006 Scolimorrhodiam
1239 2930 1349 3002 suo
1367 2936 1520 3002 orbe
1538 2936 1576 3004 ὲ
1598 2938 1836 3004 caeteris
1860 2932 2108 3000 abstulit
2126 2934 2301 3002 terris
2322 2980 2346 3016 ,
2362 2958 2510 3004 cum

471 3034 657 3104 ornni
687 3028 965 3128 hospitio
985 3027 1273 3102 defe6ius
1295 3078 1315 3112 ‚
1357 3033 1464 3100 sub
1484 3030 1984 3100 obscurissimam
2006 3032 2262 3102 noc'rem
2290 3030 2410 3102 huc
2434 3040 2506 3104 &

469 3134 621 3206 illuc
659 3130 907 3232 ingenti
951 3130 1199 3200 tristitia
1217 3154 1510 3202 errarem.
1560 3132 1760 3202 Nulla
1780 3130 1844 3198 in
1868 3130 2084 3198 vicino
2102 3132 2322 3200 civitas
2344 3156 2508 3218 erat,

469 3256 679 3328 neque
721 3232 1011 3304 villarum
1053 3226 1227 3328 spem
1253 3278 1273 3312 ‚
1325 3252 1428 3300 aut
1457 3232 1716 3298 latratus
1756 3254 1982 3298 canum
2006 3286 2024 3312 ‚
2070 3250 2172 3298 aut
2208 3232 2504 3328 caliginis

465 3332 795 3402 volumina
823 3356 899 3401 ex
920 3326 1303 3400 fumantibus
1327 3330 1514 3400 teffis
1534 3378 1556 3412 ,
1602 3324 2140 3424 circumspicienti
2164 3324 2498 3404 faciebant.

465 3428 733 3526 Frigore
757 3432 971 3528 itaque
989 3436 1055 3502 &
1079 3426 1417 3500 solitudine
1437 3426 1698 3498 horrens
1722 3478 1744 3514 ‚
1766 3428 2066 3526 vagabar,
2082 3430 2254 3498 velut
2272 3432 2338 3500 in
2360 3432 2502 3500 avia.

469 3550 643 3620 parte
683 3548 1011 3600 terrarum.
1061 3532 1257 3600 Forte
1277 3530 1341 3598 in
1363 3525 1558 3624 asperi
1584 3530 1820 3598 montis
1846 3530 2016 3596 clivo
2040 3576 2060 3608 ,
2100 3544 2226 3626 qua¹
2246 3554 2348 3600 me
2368 3532 2506 3624 pal-

463 3624 623 3698 lidus
647 3624 931 3720 syderum
957 3626 1163 3726 fulgor
1185 3628 1447 3699 ducebat
1464 3676 1486 3710 ,
1506 3630 1710 3698 tenuis
1736 3628 1854 3696 rivi
1874 3654 2152 3698 murmur
2172 3630 2300 3720 jam
2320 3626 2502 3724 paene

459 3724 785 3798 concubiae
853 3730 1065 3800 noffls
1107 3728 1419 3802 silentium
1462 3730 1652 3826 rupit.
1726 3736 1988 3800 Secutus
2018 3752 2150 3826 ego
2176 3726 2494 3798 labentem

2365 3844 2512 3896 tan·
