2738 4475
860 325 916 398 P
1020 353 1070 401 Α
1166 350 1223 402 n
1326 350 1359 402 s
1477 330 1630 402 vl.
2090 348 2238 422 71²

207 441 363 526 'digni
380 450 518 515 estis,
534 445 701 506 serius
715 447 943 524 quidem
964 489 982 515 ,
999 447 1089 506 sed
1104 460 1297 505 tamen
1315 446 1475 505 citius
1490 444 1777 524 prodiistis.
1816 441 1934 503 haec
1949 444 2235 523 Pythago·

206 544 323 585 ram
334 518 639 603 jaEtantem'
653 527 957 585 inducebat.
1018 526 1235 584 Deinde
1253 525 1461 585 mensas
1477 523 1826 583 Bacchanalia
1840 523 2235 582 celebrantium

206 607 559 681 comparabat
571 623 702 664 cum
716 605 918 682 patinis
930 604 1162 665 Vitellii,
1180 604 1457 662 Saliorum
1473 603 1714 680 dapibus,
1743 603 1906 660 Ponti
1917 602 2082 660 ficum
2109 621 2228 660 coe·

202 685 312 748 nis,
328 702 460 741 cum
479 683 843 762 Lapitharum
861 685 1132 743 conviviis
1149 689 1202 744 δι
1218 685 1623 740 Centaurorum
1631 681 2099 759 3quandoquidem
2119 681 2236 737 haec

202 762 470 820 inferiora
486 782 720 821 numero
738 762 1133 841 meleagridum
1152 797 1171 824 ,
1191 762 1612 839 quadrupedum
1631 760 1969 827 ‚volatilium
1989 798 2007 824 ,
2034 761 2235 837 quibus

205 839 423 899 additur
438 843 635 899 vinum
652 841 897 900 hornum
918 849 974 902 ὃς
988 843 1358 903 annotinum,
1392 840 1594 920 quibus
1607 839 1873 898 accedunt
1888 839 2149 917 placentae
2165 855 2236 897 ex

202 919 322 976 ovis
340 917 501 977 fimul
518 939 648 978 cum
670 920 983 999 fimilagine
997 920 1304 998 permixtis.
1961 943 1966 946 ·
2213 961 2217 966 .

281 1000 517 1056 Interim
531 1018 601 1056 ex
620 1001 839 1078 popinis
853 1040 870 1067 ,
901 1019 968 1058 ex
986 998 1212 1058 culinis.
1248 998 1544 1076 ganeisque
1573 997 1715 1055 inter
1742 995 1998 1055 confusos
2011 1009 2236 1072 tympa-

198 1091 430 1142 norum,
442 1077 726 1138 tubarum‚
739 1078 1127 1155 cymbalorum
1144 1078 1396 1153 strepitus
1411 1076 1703 1153 prodibant
1719 1075 1907 1133 larvati
1927 1114 1943 1139 ,
1972 1076 2234 1150 Lupercis

200 1153 297 1210 vix
311 1154 418 1212 abst
426 1155 587 1214 miles
600 1197 616 1222 ,
635 1156 732 1214 alii
745 1158 903 1236 equis
918 1154 1301 1215 hinnientibus
1317 1195 1333 1221 ,
1352 1155 1445 1213 alii
1464 1155 1629 1212 mulis
1646 1195 1661 1220 ‚
1676 1153 1896 1213 afinisve
1909 1155 2236 1213 rudentibus

192 1230 483 1292 infidentes
499 1273 517 1298 ,
550 1241 605 1296 δε
626 1234 729 1313 ipfi
744 1254 969 1314 quoque
985 1234 1241 1292 rudentes
1258 1260 1275 1303 3
1310 1233 1427 1291 aliis
1456 1234 1516 1291 in
1552 1234 1782 1291 vestibus
1815 1232 2237 1292 obsoletioribus

189 1326 306 1368 erat
318 1311 526 1370 scilicet
540 1311 649 1371 olla
665 1330 765 1389 pro
777 1314 952 1395 galea,
970 1332 1073 1392 pro
1089 1314 1260 1371 cristis
1274 1312 1485 1390 plumae
1498 1311 1825 1389 gallinaceae,
1844 1331 1975 1370 veru
1999 1331 2101 1388 pro
2115 1310 2234 1389 gla-

188 1388 305 1454 dio,
321 1409 426 1467 pro
443 1390 625 1448 balteo
640 1391 770 1450 hilae
786 1392 1105 1451 infumata..
1135 1389 1425 1469 sartagines
1458 1409 1559 1466 pro
1586 1390 1785 1482 clypeo
1800 1430 1816 1457 ,
1846 1409 1948 1468 pro
1963 1392 2152 1468 caligis
2167 1408 2232 1446 u-

192 1479 317 1524 toes.
378 1470 612 1527 Dixiffes
639 1489 733 1527 eos
765 1470 832 1528 ad
847 1473 1078 1548 Troiam
1093 1467 1335 1547 aliquam
1349 1507 1368 1535 ,
1400 1468 1794 1549 Carthaginem
1810 1509 1829 1535 ,
1859 1482 1956 1528 aut
1972 1472 2233 1527 Numan·

189 1544 337 1602 tiam
354 1548 782 1623 expugnandam
804 1550 1097 1607 accinffls.

278 1622 441 1681 Plura
456 1639 737 1700 parantem
757 1626 1007 1703 strepitus
1022 1627 1214 1705 ingens
1227 1625 1643 1704 personatorum
1658 1627 2094 1706 ingredientium
2108 1639 2233 1684 tur-

189 1699 395 1760 matim
415 1702 746 1762 Athenarum
764 1707 958 1768 arcuit.
976 1704 1104 1764 fieta
1121 1704 1190 1764 ab
1207 1706 1315 1764 illis
1333 1708 1474 1763 nova
1488 1707 1726 1783 quadam
1740 1705 2052 1764 Academia.
2093 1705 2232 1762 Prae-

186 1778 349 1838 ibant
361 1781 494 1838 octo
511 1785 933 1859 apparitores‚ex
949 1785 1199 1844 cistiferis
1217 1784 1324 1842 fori
1344 1783 1616 1860 piscatorii
1634 1783 2110 1843 homuncionibus
2125 1781 2232 1839 fce-

190 1856 425 1916 dislimis
438 1859 682 1926 conciti.
697 1864 900 1939 partim
916 1864 1095 1922 claudi
1118 1904 1135 1929 ,
1161 1865 1217 1922 δι
1230 1862 1364 1922 lusci
1383 1887 1406 1932 ς
1442 1863 1640 1939 partim
1657 1861 1871 1941 gibbofi
1887 1904 1905 1928 ,
1919 1861 2072 1921 colos
2102 1879 2232 1918 can-

178 1936 318 1994 nabi
349 1952 444 1996 aut
474 1940 590 1997 lino
620 1940 835 1999 circum
843 1944 1060 2001 vestitos
1077 1943 1263 2018 inepte
1461 1943 1671 1999 (butes.
1712 1943 1973 1998 Proxime
1989 1939 2132 1997 solus
2145 1941 2235 1999 in-

187 2014 421 2076 cedebat
439 2019 524 2075 vir
538 2019 734 2078 statura
748 2019 907 2079 valde
920 2039 1172 2098 procera,
1200 2021 1356 2078 vultu
1398 2018 1675 2097 ubpallido
1694 2058 1713 2085 ,
1739 2037 1801 2078 ac
1818 2018 2095 2084 severiori,
2115 2032 2232 2075 uno

182 2092 256 2150 ad
272 2093 521 2154 frontem
547 2098 694 2156 elato
709 2137 727 2163 ,
752 2098 928 2158 altero
942 2118 1083 2177 pene
1101 2098 1166 2157 ad
1185 2111 1445 2156 mentum
1463 2097 1706 2174 depress'o
1722 2097 2010 2175 supercilio
2028 2117 2042 2153 ι
2083 2109 2234 2174 tege-

181 2170 283 2229 bat
306 2186 475 2252 caput
502 2176 778 2242 colle6tus
801 2196 870 2236 ex
900 2177 1023 2240 fori¹
1070 2176 1339 2255 uisquiliis
1353 2176 1602 2255 galerus3
1641 2194 1840 2254 corpus
1856 2193 1986 2234 vero
2000 2176 2230 2240 lacerna,

179 2250 294 2308 five
308 2268 474 2311 cento
488 2254 761 2321 talaris,ex
780 2258 941 2315 variis
952 2256 1028 2315 ob
1088 2258 1208 2315 letae
1226 2274 1483 2333 purpurae
1497 2256 1715 2314 laciniis
1730 2256 1910 2332 lepide
1925 2268 2229 2331 coagmen-

172 2342 344 2387 tatus.
397 2333 547 2391 Pone
562 2332 930 2412 sequebantur
943 2333 1197 2393 dod-ores
1210 2334 1409 2392 eodem
1427 2332 1731 2394 ferecultu.
1752 2348 1920 2411 atque
1945 2348 2222 2410 apparatu.

170 2408 332 2463 Tum
350 2408 683 2485 Philosophi.
705 2412 994 2469 Rabbinos
1007 2413 1223 2489 Judaeos
1239 2424 1490 2488 putatote
1510 2436 1529 2477 ς
1569 2429 1707 2466 mox
1739 2418 1795 2470 δι
1826 2410 2032 2468 Medici
2059 2412 2228 2468 mulii

175 2485 473 2544 inficientes
491 2525 509 2550 ,
544 2491 600 2545 δι
614 2487 1219 2564 gestantes-pharmaca:
1260 2489 1402 2545 hanc
1434 2505 1631 2543 omnes
1659 2486 1746 2542 illi
1779 2486 2034 2543 Athenaei
2061 2489 2226 2561 palae·

175 2564 585 2648 stram3ingreffi
603 2601 621 2626 ,
651 2564 898 2623 ἀεττειᾶο
920 2565 1116 2622 lacinia
1132 2576 1279 2642 togae
1294 2562 1664 2621 declamatore
1682 2561 1911 2621 Afinum
1929 2564 2225 2623 rudentem

179 2644 239 2701 δε
256 2656 657 2719 repugnantem
674 2640 796 2700 satis
807 2641 1101 2720 adigebant
1116 2644 1179 2700 in
1193 2641 1672 2708 cathedram3mox
1685 2641 1858 2697 alium
1876 2642 2105 2700 Asinum
2139 2643 2227 2699 in-

176 2719 476 2784 ducebant,
496 2719 739 2778 licentias
758 2761 774 2787 ,
809 2738 943 2798 quas
957 2733 1190 2786 vocant,
1219 2717 1372 2799 quast
1402 2716 1785 2794 deposcentem
1809 2741 1822 2776 :
1863 2716 2034 2797 iisque
2051 2721 2224 2780 veluti

175 2797 442 2856 concessus
455 2801 515 2855 in
531 2800 907 2877 utroquejure
925 2838 942 2864 ,
969 2802 1026 2857 δε
1055 2799 1206 2855 collo
1221 2812 1388 2875 atque
1400 2795 1955 2876 cervicibusalligatis
1972 2797 2222 2860 licentia·

174 2887 303 2934 tum
322 2895 489 2953 pecus
507 2895 718 2955 magno
732 2879 996 2936 omnium
1011 2875 1194 2953 plausu
1212 2915 1229 2940 ,
1267 2880 1322 2935 δι
1332 2874 1733 2935 acelamatione
1743 2878 2095 2954 excipiebant
2107 2916 2127 2941 ι
2141 2883 2199 2939 ὃς

166 2956 896 3112 μὲἱοίξξιατιῗπάίῗέυατῖὲῗιξιῑ
903 2956 1150 3095 badii-5²3³
1157 2974 1603 3093 ‘gruulruantem
1621 3034 1843 3094 turbam
1858 3054 1928 3093 ex
1945 3034 2216 3096 Athenaeo

170 3113 436 3191 egreffam
459 3114 721 3180 vidimus,
756 3128 938 3190 aperta
952 3114 1029 3171 est
1043 3112 1201 3172 nobis
1216 3113 1410 3171 tabella
1425 3114 1617 3191 ingens
1633 3152 1650 3176 .
1663 3115 1724 3171 in
1755 3131 1866 3191 qua
1877 3111 1976 3171 sub
1991 3114 2217 3173 involu-

177 3208 279 3247 cro
311 3193 665 3270 aenigmatico
692 3191 895 3250 latebat
923 3194 1112 3250 Ovum
1144 3191 1394 3250 adversus
1426 3193 1816 3269 impugnantes
1841 3189 1896 3249 se
1920 3209 2218 3272 protegens

173 3286 311 3334 cum
330 3266 437 3326 suis
453 3269 750 3328 clientibus
764 3282 929 3348 atque
946 3272 1086 3329 natis
1102 3291 1115 3326 ε
1149 3270 1326 3329 homo
1340 3285 1456 3328 erat
1473 3270 1870 3346 camphi-aetus,
1885 3272 2044 3345 cujus
2060 3273 2214 3349 regia

168 3348 467 3425 tugurium
484 3366 553 3405 ex
568 3347 751 3422 palea:
791 3351 1005 3407 circum
1025 3361 1211 3407 antem
1228 3353 1285 3408 δε
1300 3350 1368 3409 ab
1385 3364 1627 3428 utroque
1635 3349 2089 3412 tatere-volatilia,
2122 3367 2211 3406 re-

167 3425 356 3504 ptilia.
372 3425 664 3502 aquatilia,
695 3439 837 3504 quot
879 3440 976 3485 uot
989 3447 1059 3486 ex
1071 3446 1182 3487 ovo
1198 3442 1463 3505 prognata
1480 3448 1494 3485 ε
1537 3428 1691 3486 flava
1705 3446 1852 3487 zona
1862 3427 2118 3505 cingebat
2131 3426 2209 3487 la·
2235 3439 2244 3445 “

170 3516 324 3571 tera5
355 3504 569 3560 cristam
587 3522 719 3560 vero
733 3522 864 3562 orna
931 3518 955 3562 t
969 3506 1172 3583 gallina
1185 3507 1481 3583 gallinacea
1499 3527 1516 3565 ι
1556 3506 1985 3585 Propugnabant
2008 3504 2041 3564 ὲ
2058 3505 2212 3565 vola·

150 3581 359 3651 ¹tilibus
378 3580 596 3658 Aquila,
612 3584 840 3649 strutio,
860 3584 1062 3643 Milvus
1076 3587 1435 3671 comprimis:
1476 3604 1646 3663 porro
1662 3586 1934 3644 Strutioni
1949 3624 1968 3651 ,
1994 3587 2078 3645 uti
2095 3588 2205 3642 Te-

164 3660 309 3717 studi
317 3660 370 3717 ni
404 3659 540 3717 inest
566 3673 680 3717 tam
713 3661 868 3719 mitis
882 3702 901 3727 ,
934 3665 991 3720 δε
1020 3663 1210 3723 efficax
1230 3662 1442 3730 oculus,
1459 3678 1526 3722 ut
1540 3664 1655 3723 solo
1665 3663 1882 3743 aspe&u
1935 3663 2043 3723 uafi
2061 3662 2208 3724 mol·

168 3736 377 3794 liffimo
404 3737 665 3795 incubatu
694 3737 837 3814 pulli
861 3741 1085 3799 istarum
1116 3743 1305 3802 avium
1319 3743 1701 3803 excludantur:
1728 3741 1761 3802 ὲ
1774 3746 1916 3822 repti
1942 3744 2064 3803 ibus
2078 3750 2132 3805 δε
2149 3760 2209 3799 a·

214 3815 467 3879 natilibus
478 3816 836 3878 Crocodilus,
866 3821 921 3877 &
952 3837 1125 3879 omne
1155 3821 1471 3899 serpentum
1488 3840 1691 3900 genus:
1730 3821 1763 3882 ὲ
1794 3822 2080 3901 bipedibus
2096 3822 2211 3877 Ca-

251 3913 280 3953 r
291 3899 349 3959 &
367 3893 562 3961 Pollux
579 3931 599 3963 2
612 3898 810 3959 armati
824 3897 1033 3983 lanceis
1041 3925 1062 3974 3
1101 3898 1199 3960 hic
1214 3901 1374 3981 pugil
1389 3941 1407 3967 ,
1424 3899 1519 3960 ille
1531 3919 1704 3981 eques
1719 3940 1744 3969 ,
1767 3919 1838 3961 ex
1847 3903 2080 3982 gemiao
2092 3914 2212 4035 οἷα

1281 3982 1387 4058 Yy
1427 3995 1472 4056 4.
2041 3991 2131 4035 am
2174 3992 2228 4046 0
