2738 4475
855 233 1438 305 ‚Penas
1587 229 1649 302 1.
2139 245 2274 320 149

271 347 558 425 lutaffem.
607 346 678 422 Si
709 370 781 419 es
803 396 826 434 ‚
854 344 1157 447 inquam,
1177 429 1182 435 ,
1242 346 1366 419 uod
1396 368 1462 419 te
1499 348 1844 422 hominum
1860 340 2268 431 existimatio,

255 448 417 552 quod
451 470 518 521 te
557 448 883 549 probitas,
918 447 1094 546 quod
1114 376 1242 546 ips}
1259 445 1493 540 justitia
1512 448 1817 546 praedicat
1836 495 1863 532 ,
1893 444 2280 517 conditionis

254 550 622 623 miserorum
660 548 964 619 columen
983 604 1001 630 ‚
1038 548 1293 622 afflietae
1327 547 1577 619 virtutis
1597 570 1937 645 patronus,
1972 543 2113 619 noli
2131 567 2285 617 con·

253 668 541 721 temnere
559 639 1002 719 benefaciendi
1026 645 1358 719 materiam
1384 700 1403 726 ‚
1423 670 1610 743 quam
1626 646 1746 719 beu
1770 647 1787 722 !
1810 669 1960 720 meo
1977 642 2097 714 tibi
2114 641 2292 717 dam-

256 771 348 817 no
364 742 600 817 fortuna
618 744 920 847 suggeffit
941 778 965 839 3
1000 770 1194 846 quem
1218 768 1298 815 ex
1318 742 1580 819 florenti
1596 744 1753 818 statu
1773 741 2043 819 facilitas
2064 739 2286 816 astutis

261 844 647 943 praedonibus
689 869 921 944 patens
959 847 1025 916 in
1044 842 1378 943 indignam
1404 846 1829 921 calamitatem
1849 842 2042 919 milit.
2097 847 2285 916 Tum

257 945 550 1043 prolixam
584 947 748 1018 mali
783 942 1010 1018 seriem
1033 942 1394 1015 dolentibus
1412 945 1625 1018 verbis
1647 992 1671 1029 ,
1709 953 1775 1021 δι
1797 943 1943 1043 ipsis
1960 965 2150 1041 paene
2164 964 2286 1040 ge-

254 1041 497 1116 mitibus
517 1044 585 1115 in
603 1042 1028 1141 conspestum
1048 1040 1214 1114 dedi.
1260 1046 1410 1116 Nec
1432 1070 1550 1142 pro
1566 1069 1634 1116 re
1655 1046 1908 1118 moveri
1929 1040 2285 1117 videbatur.

245 1141 363 1215 Sed
381 1140 730 1243 postquam
748 1141 1028 1215 medium
1046 1142 1208 1234 ejus,
1224 1141 1400 1255 quo‘d
1419 1167 1495 1214 ex
1514 1143 1634 1216 lite
1650 1139 2071 1242 consequerer
2086 1184 2109 1220 ³
2132 1164 2288 1237 pro-

240 1240 421 1332 mifi3
449 1262 612 1314 tunc
647 1242 922 1314 allevare
954 1244 1174 1314 oculos
1221 1241 1427 1338 coepit
1447 1289 1473 1326 ‚
1505 1264 1656 1316 tunc
1693 1245 1980 1317 mulcere
1997 1242 2284 1317 animum

237 1364 484 1422 meum,
511 1339 879 1439 dolorisque
898 1343 1213 1413 ultionem
1234 1341 1629 1437 promittere.
1679 1345 1882 1442 Igitur
1947 1339 2162 1412 ostero
2177 1338 2286 1410 die

237 1438 317 1510 ad
334 1437 626 1511 tribunal
641 1437 843 1512 adesse
864 1439 1029 1533 jussit
1047 1497 1071 1524 ,
1109 1439 1287 1510 vultu
1304 1463 1604 1536 quantum
1631 1439 1872 1539 poffem
2006 1439 2143 1512 ebri
2163 1484 2185 1517 ‚
2202 1437 2287 1508 li-

232 1536 448 1608 berali
477 1558 706 1606 tamen
745 1538 922 1609 veste
940 1585 963 1621 ‚
992 1535 1146 1633 fieta
1195 1558 1275 1606 ue
1290 1536 1643 1610 constantia
1662 1586 1686 1620 ‚
1721 1561 1790 1611 ut
1804 1536 2291 1631 vidererjudici·

242 1635 370 1706 bus
391 1639 461 1704 δι
482 1633 836 1705 bonoloco
850 1633 970 1707 effe
986 1681 1010 1716 ,
1053 1640 1120 1705 δι
1168 1637 1277 1708 olo
1299 1634 1627 1712 adversarii
1646 1637 1880 1711 scelere
1894 1635 2288 1717 miserabilis,

246 1753 495 1808 caetera
531 1730 646 1809 suae
679 1729 834 1804 fidei
852 1732 1314 1806 concrederem.
1373 1738 1550 1808 Cum
1571 1736 1650 1808 fic
1672 1736 1751 1807 ab
1768 1761 1850 1807 eo
1867 1731 2294 1818 disceffiss'em.

248 1852 326 1906 ut
359 1831 589 1902 omnia
624 1833 887 1930 optimo
921 1833 1075 1905 statu
1106 1829 1227 1907 effe
1249 1853 1573 1930 putarem,
1615 1835 1873 1907 liberius
1893 1857 2102 1905 totum
2120 1832 2296 1903 diem
2395 1896 2405 1907 .

239 1931 440 2003 variis
475 1931 979 2031 cogitationibus
1013 1932 1347 2030 impendi3
1381 1957 1550 2003 nunc
1581 1935 1955 2007 Gallionem
1991 1959 2059 2004 ac
2082 1932 2301 2007 Fibul-

240 2033 404 2106 lium
444 2031 519 2103 in
562 2056 776 2105 meum
815 2027 1196 2131 supplicium
1227 2028 1522 2102 incensos
1540 2081 1563 2113 ,
1597 2058 1770 2103 nunc
1788 2030 2110 2105 crudelem
2132 2041 2295 2105 Per-

141 2156 148 2165 ·
244 2130 446 2202 cantis
468 2130 897 2203 adulationem
919 2151 1217 2228 reputans
1237 2175 1259 2210 ,
1280 2127 1323 2200 si
1346 2131 1582 2229 quime
1600 2127 1772 2203 casus
1789 2129 1865 2202 ad
1884 2133 2140 2206 immite
2155 2128 2289 2205 ser-

250 2230 471 2304 vitium
503 2226 893 2303 retraxissent
912 2259 936 2303 .-
985 2241 1002 2270 ¹
1023 2237 1095 2317 §c
1141 2223 1337 2300 fronti
1357 2234 1567 2303 literas
1585 2228 1708 2304 esse
1725 2279 1748 2313 ‚
1786 2258 1936 2332 quas
1955 2234 2149 2306 crinis
2172 2254 2284 2307 ut-

253 2353 521 2428 cumque
538 2329 778 2402 celabat
801 2377 825 2414 ,
858 2333 1006 2403 velo
1023 2353 1089 2402 ut
1109 2330 1178 2400 in
1196 2330 1425 2399 obvios
1444 2355 1560 2402 nec
1578 2334 1936 2432 cogitantes
1955 2331 2170 2418 fideli,
2195 2338 2286 2404 ita

253 2426 320 2500 in
340 2427 611 2500 curiosos
630 2435 697 2500 &
716 2426 1058 2501 scrutantes
1077 2427 1447 2501 imbecillo:
1485 2439 1549 2503 δι
1572 2456 1677 2501 me
1696 2429 1960 2501 testibus
1978 2431 2063 2511 ,fi
2086 2457 2290 2530 nega-

257 2551 397 2597 rem
415 2571 441 2605 ,
474 2524 643 2621 polle
661 2527 994 2607 convinci,
1048 2537 1109 2602 &
1135 2526 1329 2622 ipsam
1347 2526 1601 2600 domini
1620 2530 1974 2625 potentiam
1995 2528 2157 2599 mihi
2177 2554 2295 2598 co-

262 2624 441 2720 piam
474 2620 871 2694 defensorum
901 2651 1032 2696 non
1064 2623 1385 2698 faauram.
1437 2630 1688 2699 Contra
1731 2623 2022 2697 obstabat
2040 2628 2290 2724 regium

263 2720 547 2794 Gelonis
564 2745 828 2808 nomen,
844 2724 1201 2824 animusque
1217 2722 1396 2822 supra
1418 2727 1662 2798 servum
1678 2724 2015 2808 erastus&
2040 2728 2293 2824 nullum

264 2820 347 2892 de
362 2821 579 2920 ignota
599 2819 795 2920 stirpe
810 2824 1234 2922 prejudicium
1251 2869 1273 2906 ‚
1298 2825 1417 2934 οἰίξ
1434 2826 1607 2926 quod
1624 2825 1702 2899 de
1727 2828 2003 2902 externis
2021 2832 2289 2926 praecla-

265 2945 386 2992 nus
407 2916 734 2995 sentimus.

358 3022 524 3094 Cum
546 3020 687 3094 haec
721 3017 1087 3097 sollicitudo
1106 3027 1382 3099 'animum
1403 3025 1467 3097 in
1502 3025 1834 3098 crastinum
1856 3017 2288 3120 protraxiffet,

260 3116 536 3219 itemque
556 3121 633 3192 ad
659 3124 1032 3197 Praetorium
1051 3172 1075 3208 ‚
1115 3128 1387 3198 occurrit
1405 3127 1471 3195 in
1493 3123 1630 3223 ipso
1648 3125 1818 3193 aditu
1844 3125 1939 3192 vir
1962 3167 1989 3202 ,
2022 3122 2130 3217 qui
2152 3145 2293 3191 ma·

259 3215 528 3319 gnificus
551 3221 753 3292 videti
785 3244 1033 3320 poterat
1052 3274 1076 3310 ‚
1118 3225 1161 3297 fi
1179 3225 1350 3326 quod
1379 3226 1544 3296 inter
1568 3220 1833 3294 illustres
1857 3217 2048 3288 vestis
2067 3215 2293 3293 discri-

259 3339 413 3390 men
448 3312 719 3398 saceret‚
763 3347 993 3422 meque
1026 3350 1144 3396 nec
1165 3326 1567 3424 cogitantem
1602 3315 2050 3419 benigniffime
2069 3315 2291 3392 saluta-

255 3417 370 3489 vit.
426 3418 815 3515 Incipiebam
834 3424 1088 3506 timere,
1112 3450 1193 3496 ne
1211 3424 1468 3495 venales
1486 3419 1678 3489 etiam
1697 3442 1987 3517 gemmas
2006 3417 2288 3501 afferret,

261 3540 411 3588 cum
450 3517 557 3589 ille
574 3517 801 3591 habere
822 3517 888 3595 se
906 3522 1070 3594 dixit
1105 3549 1241 3623 quae
1266 3523 1301 3593 ὲ
1326 3544 1397 3592 re
1419 3541 1561 3590 mea
1586 3513 1793 3588 forent
1816 3518 2027 3588 audire
2046 3562 2067 3597 ‚
2105 3542 2293 3592 com-

1959 3614 2293 3687 modarem

325 3739 348 3774 r
389 3728 445 3776 Β
470 3727 605 3795 fiunti
624 3730 779 3779 limae
805 3726 939 3798 effa]
987 3732 1064 3777 De
1094 3727 1441 3798 mancipiorum
1455 3720 2166 3792 notis,quibuseormnftonte⁸
2180 3719 2297 3774 inu:

245 3791 485 3850 rebantur
498 3791 612 3852 satis
629 3796 1072 3852 dinumestinino.
1411 3865 1453 3912 x
1488 3870 1519 3922 Ξ
2108 3867 2132 3903 ¹
2171 3851 2312 3904 M&
