2738 4475
366 242 389 260 ’t

437 223 565 299 '60
953 215 1980 287 Baracum-SATYRmi

361 384 372 393 ⁷·
447 318 656 419 'fidius
677 342 1266 423 locorumve-nient,
1307 346 1324 377 ¹
1344 340 1457 413 nili
1477 356 1622 414 cum
1645 345 1864 439 pipere
1880 391 1902 426 ,
1926 366 2029 417 aut
2050 341 2173 423 ficu
2189 400 2208 428 ,
2233 363 2340 415 aut
2350 344 2498 459 pas-

466 443 549 520 fis
586 448 652 516 in
689 443 988 515 Martium
1029 440 1188 521 uvis.
1242 441 1570 517 Protdeunt
1609 439 1953 540 disciplina:
1973 466 2203 518 omnes
2222 446 2492 541 meliore
2580 443 2585 447 ’
2626 426 2645 445 ⁰

468 546 643 616 cultu
660 598 682 626 ,
716 551 780 614 &
803 538 904 612 seu
928 539 1206 636 politicae
1229 584 1251 618 ‚
1294 536 1398 609 seu
1414 540 1653 612 rusticae
1672 564 1762 612 rei
1779 596 1801 626 ,
1842 540 1945 613 seu
1966 563 2214 638 patrum
2235 567 2488 614 memo-

355 678 359 682 *
441 645 576 715 -riae
599 654 661 716 &
684 637 863 710 faetis
882 637 919 707 ὲ
942 640 1196 735 pulvere
1217 640 1598 722 excitandis,
1638 637 1742 711 seu
1758 640 2068 722 coelestis,
2091 639 2196 713 seu
2211 662 2486 728 terrena,

465 740 571 814 seu
608 738 896 838 aquatilis
932 738 1224 809 do&rina
1261 735 1336 807 sit
1356 788 1379 823 ,
1417 765 1547 811 non
1585 741 1706 810 erit
1724 742 1874 810 alius
1894 764 2085 839 quem
2106 740 2377 813 delicata
2394 737 2490 812 fe-

460 862 600 911 rant
622 838 920 936 ingenia,
950 860 1180 933 ptaeter
1200 838 1463 936 Acignii
1484 863 1740 917 vernas,
1779 840 1973 911 etiam
2009 840 2289 910 literaria
2324 838 2493 912 bella

456 949 631 1009 tanta
667 936 1023 1014 constantia
1038 960 1334 1036 gerentes
1353 987 1377 1021 ,
1430 946 1584 1013 ut&
1606 935 1919 1027 veneficas
1940 939 2230 1010 tenebras
2250 934 2380 1009 sola
2396 935 2495 1010 fa÷

455 1061 531 1108 ce
559 1042 632 1108 ⁷&
665 1035 831 1132 stylo
863 1040 1084 1108 armati
1105 1038 1382 1118 intrent,
1422 1043 1490 1108 δι
1529 1040 1901 1109 ²Romanas
1921 1040 2086 1109 acies
2104 1040 2169 1109 in
2191 1038 2491 1113 ordinem

454 1160 525 1208 ac
566 1156 853 1208 veterem
892 1130 1290 1232 disciplinam
1329 1131 1621 1232 religiosa
1657 1131 2120 1227 scrupulositate
2169 1135 2486 1234 digerant.

453 1237 631 1319 Cum
671 1232 995 1319 excidisset
1035 1232 1498 1328 imprudentius
1532 1232 1691 1306 mihi
1713 1232 1861 1304 risus
1884 1283 1907 1317 ,
1940 1239 2383 1334 simeremque
2405 1257 2490 1308 ne

339 1378 350 1387 ·
449 1331 606 1430 quid
628 1333 694 1404 in
714 1358 818 1404 me
834 1331 969 1402 odii
985 1335 1353 1429 conciperet
1373 1331 1450 1402 ad
1472 1334 1819 1430 Acignium
1836 1335 2069 1428 iturus3
2112 1338 2280 1424 Quis
2314 1359 2495 1405 mor-

390 2349 394 2356 .

340 2451 411 2524 13

449 1434 593 1503 talis
616 1480 638 1516 ‚
654 1433 916 1530 inquam
934 1487 954 1516 ‚
977 1456 1108 1517 non
1125 1432 1327 1503 rideat
1342 1430 1557 1501 oblata
1578 1429 1878 1503 felicitate
1897 1457 2029 1504 non
2051 1456 2302 1506 utentes
2323 1482 2346 1519 ,
2368 1457 2495 1506 nee

453 1532 661 1628 magis
693 1528 950 1602 fortuna
969 1532 1225 1629 propria
1245 1533 1464 1611 laetos,
1511 1557 1699 1628 quam
1719 1533 1873 1603 irata
1890 1529 2228 1632 severaque
2245 1533 2498 1607 tristes?

484 1641 686 1700 'uotus
704 1633 877 1703 enim
896 1626 1157 1729 quisque
1173 1628 1267 1702 est
1288 1655 1483 1729 quem
1506 1628 1642 1717 baec
1662 1637 2011 1704 moveant?
2032 1636 2177 1731 quis
2191 1633 2407 1708 tranfit
2429 1636 2501 1706 in

450 1657 765 1802 pamniam
780 1750 973 1802 tantae
994 1726 1167 1826 spei,
1206 1740 1273 1803 &
1297 1732 1361 1800 in
1385 1754 1505 1829 qua
1528 1755 1659 1801 non
1682 1732 1882 1803 modo
1899 1732 2074 1803 doeti
2094 1756 2325 1825 omnes
2347 1787 2366 1817 ,
2387 1731 2498 1807 sed

455 1849 637 1901 extra
658 1854 850 1928 quam
868 1829 1023 1900 nulli
1046 1832 1073 1902 ?
1106 1832 1287 1901 Tum
1303 1830 1414 1901 ille
1434 1873 1456 1907 ‚
1502 1832 1722 1900 Fatum
1746 1877 1767 1911 ,
1787 1830 1996 1927 inquit
2013 1874 2034 1907 ‚
2057 1830 2212 1900 illud
2230 1831 2325 1901 est
2339 1852 2495 1902 aeta-

456 1929 544 1999 tis
582 1930 811 2001 nostrae
849 1926 1393 2000 lueiuofiffimum.
1448 1926 1572 1997 Sed
1591 1930 1868 2021 pomaria
1889 1925 2063 1997 vides
2088 1952 2218 1997 non
2238 1927 2339 1997 sua
2362 1952 2500 1998 ma-

452 2030 554 2125 gis
579 2018 1042 2121 pulchritudine
1060 2048 1285 2118 capere
1302 2019 1752 2094 transeuntium
1773 2043 2019 2093 mentes
2040 2068 2063 2102 ‚
2105 2049 2296 2122 quam
2336 2024 2493 2094 arti-

445 2121 676 2194 ²ficioso
715 2124 851 2193 rubi
882 2122 1173 2192 examine
1189 2140 1323 2191 tuta
1339 2117 1519 2214 spem
1537 2113 1848 2190 fruetuum
1869 2118 2141 2192 domino
2158 2120 2492 2196 conserva-

446 2247 533 2293 re.
579 2220 951 2304 Laboribus,
971 2218 1236 2303 divitiis,
1261 2243 1441 2317 paene
1458 2216 1750 2291 libertate
1767 2218 2039 2291 emenda
2054 2218 2147 2293 est
2168 2222 2276 2294 illa
2292 2248 2490 2322 quam

443 2318 758 2423 poscimus
780 2317 1072 2393 felicitas.

555 2425 738 2492 Dum
768 2417 908 2491 baec
948 2417 1430 2515 proloqueretur
1445 2474 1468 2502 ,
1507 2419 1633 2510 jam
1671 2414 1732 2488 se
1770 2441 2140 2516 aperuerant
2157 2416 2374 2492 Basilii
2390 2417 2488 2491 fa-

456 2517 641 2617 stigia
659 2569 685 2604 ‚
724 2527 787 2591 &
826 2514 959 2617 ipse
998 2515 1252 2588 sublatis
1290 2515 1577 2587 manibus
1596 2515 1828 2614 hospes
1851 2517 2223 2590 adoraverat
2243 2521 2485 2600 locum,

437 2607 854 2719 'faciebatque
888 2616 1061 2717 quod
1096 2613 1550 2713 expeditiffimi
1585 2617 1748 2686 curis
1769 2617 2165 2715 elegantibus
2185 2619 2345 2712 jocis
2363 2638 2494 2689 tra-

441 2718 785 2789 ‘ducet-ent.
840 2718 964 2790 Sed
1000 2735 1325 2786 notaverat
1363 2715 1591 2785 Percas
1631 2716 1935 2794 είᾘὶἃιιηι
1958 2740 2065 2786 me
2086 2719 2269 2788 novis
2291 2718 2485 2798 curis,

436 2805 609 2913 'quas
633 2816 908 2902 necdum
930 2839 1058 2912 ego
1073 2804 1491 2887 adverteram.
1522 2815 1703 2885 Nam
1726 2822 1790 2885 δι
1814 2812 2128 2910 pallebam
2144 2814 2493 2900 interdum,

433 2923 522 2988 ’δι
567 2912 903 3016 improvisa
937 2910 1191 3009 suspiria
1225 2913 1621 2982 laborantem
1639 2914 1919 2984 animum
1938 2913 2332 3009 prodebant3
2364 2936 2489 2983 nec

433 3016 590 3115 ‚jam
623 3010 818 3090 semel
852 3010 1238 3111 imprudenti
1270 3014 1478 3086 vultus
1516 3012 1859 3084 exciderat.
1906 3019 2131 3109 ltaque
2146 3009 2494 3082 solicitavit

2288 3110 2492 3207 polli-

437 3279 444 3302 ·-
509 3279 553 3315 ‘t
592 3267 690 3331 Νῆῖ
704 3263 1179 3337 ωηρίρενε.ω]ἱοιι,
1206 3276 1284 3314 anat
1313 3263 1445 3328 paffis
1496 3262 1639 3326 une-1
1679 3260 2038 3316 Paedorribamm
2052 3259 2348 3327 mot-undam
2363 3278 2491 3330 quoe

455 3336 735 3384 inuare-'m
747 3336 893 3398 νοῶ]
929 3340 1105 3384 Eorum
1120 3330 1286 3398 scripta
1299 3334 1357 3381 ad
1369 3332 1445 3397 pi·
1499 3328 1582 3381 sub
1609 3333 1794 3398 Acignii
1825 3332 2022 3380 nomine
2050 3328 2153 3395 (est
2179 3344 2340 3381 autem
2369 3334 2492 3383 Aci-

456 3402 578 3469 peris
626 3415 703 3451 aut
748 3402 919 3453 fimum
964 3401 1226 3452 venditores
1275 3401 1442 3456 mittit,
1500 3399 1635 3464 gnius
1653 3431 1670 3456 ,
1698 3400 1896 3448 minime
1908 3399 2139 3466 cignius,
2166 3398 2501 3468 beandune)

441 3467 589 3536 -quod
617 3469 756 3536 vulgo
785 3470 875 3520 dici
901 3467 1053 3528 solet,
1081 3469 1140 3519 ad
1166 3471 1294 3536 piper
1314 3470 1362 3517 δι
1389 3483 1443 3515 o·
1500 3469 1624 3534 leges
1652 3464 2011 3531 &disciplinam
2038 3466 2218 3517 deridet
2244 3468 2478 3533 decerpit,

439 3538 603 3586 icum.
665 3535 796 3588 Paffoe
824 3554 921 3588 uva·
953 3539 1098 3587 etiam
1134 3540 1184 3587 in
1216 3536 1442 3588 Martium
1499 3537 1665 3600 quippe
1678 3537 1756 3600 qui
1771 3532 1876 3585 suos
1891 3532 2145 3602 discipulos
2160 3536 2212 3584 in
2226 3529 2481 3593 senatores,

437 3600 670 3655 ·mensem
699 3602 839 3673 usque
867 3602 1155 3659 reservantur
1195 3600 1446 3655 comeden-
1503 3602 1714 3653 tribunos
1746 3634 1761 3658 ‚
1810 3602 2000 3670 Equites
2030 3636 2051 3664 ,
2084 3604 2141 3652 in
2176 3602 2449 3653 decuriones
2464 3635 2491 3663 ,

460 3673 547 3723 dx.
683 3709 694 3714 -
1113 3699 1118 3704 ·
1499 3685 1617 3736 quos
1633 3685 1773 3735 penes
1787 3668 1960 3721 sstcura
1973 3671 2258 3722 decuriatum
2272 3702 2288 3726 ‚
2317 3669 2496 3739 quibus

528 3756 554 3790 2
592 3745 803 3791 Roenaenaes
812 3743 924 3789 aries
937 3740 1186 3792 &udinem
1198 3759 1249 3790 ac
1260 3753 1444 3791 veterem
1501 3740 1551 3788 δι
1585 3743 1930 3803 {inperatorem
1952 3739 2206 3811 palicium
2219 3770 2238 3795 ,
2272 3738 2502 3790 efflante

456 3807 724 3886 distiplim
759 3810 952 3881 religiosis
982 3810 1303 3882 scrupi-ficare
1324 3807 1456 3882 diga-3
1498 3804 1806 3883 dlsttibunntg
2231 3891 2258 3929 ι
2302 3869 2483 3924 Vadis
