2738 4475
539 271 682 371 564
1041 235 2155 368 Eueno-gulissa'rvnrcr

533 384 773 446 randum
792 382 951 463 sapit,
966 386 1022 445 δι
1042 381 1253 459 aliquid
1269 379 1455 453 maius
1471 379 1841 465 Hipponactis
1853 387 2130 445 carmine.
2161 387 2435 451 Caeterunu
2451 402 2597 464 qno-

423 473 427 477 *
539 467 694 525 niam
711 464 820 522 hoc
839 459 1052 522 &illud
1073 459 1561 548 typographorum
1583 459 1863 520 curiositas
1877 465 1941 521 in
1960 466 2256 541 publicum
2274 465 2590 526 milit‚hune

544 543 795 604 libellum
815 542 989 600 aliena
1012 537 1224 596 sarcina
1244 541 1543 597 exonerare
1559 538 1713 597 volui
1733 581 1749 605 ,
1774 559 1845 597 ne
1870 544 2009 619 quis
2042 559 2148 603 aut
2174 562 2435 603 emarem
2452 561 2586 618 pro-

544 625 747 682 caciter
763 618 1001 678 immissa
1017 620 1281 695 po‘e'mata
1294 629 1456 693 putet
1472 657 1489 682 ‚
1526 633 1625 677 aut
1653 617 1959 677 Onosandri
1974 623 2125 681 odio
2143 621 2388 682 invidiose
2408 621 2586 681 dedu-

541 705 697 761 ctum
715 698 1037 833 opumaffam
1055 696 1287 755 vulnera
1299 696 1667 755 declamantis
1683 695 1992 776 frigescente
2006 698 2286 778 sanguine
2301 701 2585 759 recrudue-

537 793 658 838 rant
669 819 687 844 ,
703 778 820 854 jam
841 796 878 853 p
933 776 1019 834 lor
1034 773 1267 833 suffusus
1280 790 1470 833 totum
1486 793 1689 851 corpus
1704 791 2072 854 occupaverat,
2089 783 2152 837 &
2166 782 2387 857 quijam
2401 779 2582 838 ῖὶἂοι·

542 855 794 917 adversus
811 857 948 913 iram
966 855 1220 911 Deorum
1241 851 1488 931 placebat
1506 852 1626 919 fibi,
1645 853 1922 913 intercluso
1946 854 2149 932 spiritu
2168 899 2188 924 ,
2225 861 2292 918 in
2321 858 2408 918 sua
2429 870 2583 933 pote-

538 938 670 995 state
689 952 892 991 vocem
914 953 1032 991 non
1049 931 1284 990 habebat
1301 972 1317 997 ‚
1347 951 1467 1010 quo
1490 933 1850 992 constantiam
1877 931 2017 991 suam
2048 937 2390 995 extolleret.
2429 934 2579 993 Proh

537 1013 720 1092 superi
746 1016 759 1067 Ξ
796 1031 968 1090 quam
1009 1011 1156 1069 facili
1173 1011 1386 1068 ratione
1399 1009 1645 1069 barbaris
1666 1014 1833 1070 etiam
1845 1014 2099 1089 precantia
2116 1014 2292 1073 verba
2311 1009 2578 1074 nenessitas

530 1093 793 1172 suggerit.
858 1090 956 1148 Ille
974 1130 988 1154 ,
1022 1090 1117 1146 ille
1132 1089 1433 1165 Capilupus
1449 1129 1466 1155 ‚
1507 1090 1610 1166 qui
1628 1090 1965 1169 colloquium
1979 1110 2162 1149 meum
2180 1127 2200 1151 2
2235 1095 2295 1151 8(
2311 1095 2576 1151 amicitiae

532 1172 802 1230 nascentis
832 1170 960 1245 jura
996 1165 1433 1243 contempserat,
1466 1180 1532 1224 ut
1560 1169 1817 1244 primum
1833 1169 2307 1244 Botridaexpiranti
2324 1170 2575 1230 fimilem

532 1249 671 1308 vidit
691 1290 708 1315 ‚
742 1265 859 1307 tam
896 1248 1151 1305 humano
1176 1244 1459 1306 sermone,
1499 1249 1555 1320 ὃ(
1586 1248 1883 1307 miserabili
1910 1250 2077 1326 gestu,
2108 1244 2393 1323 perfricuit
2419 1249 2574 1307 indi·

530 1344 802 1408 guantem
820 1329 1077 1384 animum
1094 1362 1112 1387 ‚
1147 1338 1209 1381 ut
1244 1344 1314 1381 ne
1352 1323 1732 1384 dubitaverim
1764 1329 1976 1408 quidem
2005 1323 2275 1386 subvenire
2286 1326 2569 1387 auxilium

532 1426 731 1467 meum
747 1404 854 1463 suis
872 1407 926 1463 St
941 1404 1113 1461 amici
1137 1401 1366 1461 miseriis
1384 1403 1739 1480 imploranti.

619 1490 776 1544 Dum
799 1482 1188 1542 semicadaveri
1204 1481 1339 1538 fletu
1357 1485 1571 1561 magis,
1588 1503 1765 1562 quam
1786 1484 2045 1545 fomentis
2061 1483 2399 1545 succurrimus
2415 1522 2431 1548 ,
2463 1483 2560 1541 in-

537 1579 624 1625 ter
639 1567 826 1644 plures
850 1563 1044 1618 domos
1060 1559 1288 1618 adverto
1300 1561 1551 1640 chirurgi
1570 1562 1863 1623 tabernam
1879 1605 1897 1631 ‚
1916 1569 1973 1625 δι
1995 1564 2024 1623 ὲ
2040 1563 2269 1624 fenestris
2279 1563 2559 1621 dominum

534 1644 740 1706 adium
758 1639 1146 1701 subterlabenti
1176 1641 1352 1698 fluvio
1369 1656 1742 1719 purgamenta
1757 1645 2116 1719 ejicientem:
2154 1645 2251 1723 qui
2276 1657 2340 1700 ut
2365 1640 2578 1702 adiudi-

534 1727 634 1782 ciis
653 1721 895 1780 vocantis
930 1719 968 1773 fi
1010 1737 1147 1775 num
1179 1719 1429 1779 cucurrit
1443 1756 1461 1779 ‚
1511 1735 1629 1777 tam
1661 1720 1814 1779 facili
1844 1724 2124 1783 medicam
2134 1737 2263 1782 ento
2290 1722 2577 1801 fugientem

538 1805 795 1861 animum
810 1839 826 1864 ,
861 1736 1149 1876 senifisque
1166 1800 1471 1855 morientes
1488 1800 1767 1859 revocavit
1791 1838 1810 1865 ‚
1825 1814 1888 1858 ut
1904 1820 2051 1879 aeger
2065 1801 2351 1862 confestim
2368 1799 2575 1859 salubri.

537 1894 650 1940 tate
666 1894 789 1938 toto
803 1895 1033 1953 corpore
1051 1890 1303 1953 percepta
1318 1877 1509 1933 itineri
1528 1875 1826 1942 suffecerit,
1862 1880 2022 1956 quod
2037 1881 2105 1938 ad
2135 1881 2312 1938 beatas
2339 1879 2471 1938 aedes
2500 1877 2571 1934 sa·

532 1959 725 2020 lutaris
743 1957 989 2016 hominis
1005 1955 1255 2014 ducebat.
1299 1954 1415 2013 Ubi
1428 1954 1552 2030 juffi
1566 1955 1924 2014 consedimus.
1985 1960 2139 2016 Tum
2163 1977 2342 2019 novus
2352 1955 2444 2016 ille
2460 1952 2569 2014 AEs·

542 2038 672 2097 cula
712 2039 796 2095 ius
827 2036 895 2094 ad
925 2052 1040 2092 nos.

620 2057 897 2173 agarenus
934 2113 1198 2171 humanae
1230 2109 1502 2170 foelicitati
1522 2110 1883 2188 quodcunque
1897 2110 2047 2167 illud
2062 2113 2143 2170 est
2157 2113 2465 2170 inimicum
2483 2115 2583 2171 nu&

536 2211 673 2252 men
688 2192 891 2271 quibus
905 2188 1198 2269 suppliciis
1230 2193 1409 2269 potuit
1433 2187 1687 2248 desaeviit:
1733 2203 1849 2246 tum
1880 2188 2121 2245 demum
2157 2185 2445 2250 ferocitati
2476 2190 2580 2250 suae

533 2271 774 2330 habenas
794 2271 989 2347 injecit
1008 2310 1026 2337 ‚
1059 2275 1114 2331 δι
1131 2271 1321 2330 minus
1343 2268 1593 2326 hostiliter
1605 2282 1786 2341 peccat
1801 2305 1817 2329 ,
1851 2271 1907 2326 ὃ(
1929 2266 2164 2323 occidit.
2225 2270 2393 2324 Levis
2421 2287 2580 2326 mors

527 2351 606 2410 est
622 2389 640 2413 .
682 2366 856 2431 quam
885 2348 1102 2430 gladius
1132 2349 1340 2408 alienus
1362 2343 1557 2414 infert3
1595 2358 1648 2402 at
1663 2343 1755 2403 illa
1770 2341 2086 2403 miserabilis
2102 2381 2119 2404 .
2157 2342 2576 2421 &deploranda

529 2429 783 2491 maxime
799 2466 817 2490 .
859 2448 988 2528 quat
1014 2427 1189 2486 alium
1221 2423 1579 2505 percussorem
1608 2438 1792 2501 praeter
1824 2424 2163 2481 moriturum
2194 2440 2310 2481 non
2327 2425 2574 2484 invenit.

536 2510 785 2571 Biduum
802 2509 879 2567 est
894 2530 924 2568 a
942 2526 1058 2587 quo
1077 2504 1354 2582 hospitem
1373 2504 1548 2563 extuli
1566 2545 1583 2570 ,
1618 2522 1782 2581 quem
1816 2501 1907 2560 sua
1920 2520 2117 2560 manus
2131 2502 2575 2581 repugnantibus

533 2589 669 2650 fatis
688 2587 923 2648 abstulit.
987 2584 1163 2646 Causa
1180 2585 1444 2643 violentae
1459 2585 1604 2643 necis
1618 2624 1634 2649 ‚
1652 2580 1910 2644 Veritatis
1922 2600 2098 2640 amor.
2153 2582 2312 2642 Etne
2324 2600 2425 2640 vos
2439 2582 2582 2640 alio-

533 2670 678 2746 quin
715 2660 948 2724 lititores
967 2664 1226 2724 novitatis
1243 2663 1389 2721 male
1407 2672 1563 2722 texta
1578 2663 1882 2722 narratione
1896 2663 2111 2721 diutius
2124 2661 2398 2720 detineam
2412 2700 2431 2727 .
2467 2660 2585 2720 hac
2662 2642 2663 2727 l

540 2744 769 2820 epistola
789 2743 847 2815 (e
863 2744 980 2801 finu
998 2743 1250 2799 chartam
1268 2741 1629 2819 producebat)
1652 2759 1823 2821 quam
1841 2742 1910 2799 ad
1929 2742 2178 2801 amicum
2201 2739 2427 2821 leripfit,
2440 2755 2585 2801 ante-
2662 2796 2663 2799 ,

533 2838 709 2954 guam
741 2817 848 2911 suia
876 2820 1196 2911 vulneribua
1222 2820 1562 2897 generosum
1593 2823 1797 2881 efflaret
1844 2819 2137 2901 spiritum·
2181 2834 2354 2880 totana
2389 2834 2582 2899 tragoe·
2662 2836 2663 2839 ’

577 2915 689 2958 lam
721 2895 966 2957 curiosos
999 2898 1243 2956 docebit.

779 3044 1252 3173 JPERCAS
1311 3043 2317 3123 EUPHORMIONEM

1164 3183 1568 3226 utrluuu
1616 3186 2027 3227 SALUTAT.

669 3288 875 3346 Tinam
903 3291 958 3346 Se
990 3286 1256 3345 fibullius
1285 3287 1604 3345 conditioni
1620 3308 1761 3347 mea:
1778 3289 2109 3355 invidisset,
2138 3292 2197 3349 δε
2222 3306 2331 3370 ego
2354 3285 2581 3347 libertati.

678 3366 907 3444 Aliquid
923 3367 1042 3424 erat
1063 3405 1080 3430 ,
1109 3367 1255 3424 inter
1284 3365 1502 3423 serviles
1537 3380 1695 3425 notas
1729 3387 1877 3445 quas
1893 3370 2045 3428 olim
2065 3368 2245 3428 fronti
2263 3385 2403 3432 tuae,
2422 3365 2580 3445 juffus
2610 3384 2613 3389 ⁴

547 3442 709 3501 inussi
730 3483 746 3506 ,
765 3444 918 3520 quod
935 3443 1315 3502 festinantibus
1332 3445 1545 3502 divitiis
1560 3445 1932 3506 anteferrem.
1992 3450 2221 3507 Irarum
2243 3444 2582 3507 ministroedo-

551 3520 843 3578 minorum
866 3520 1022 3581 favor
1042 3561 1059 3587 ‚
1080 3523 1216 3579 dum
1237 3522 1452 3582 evehit,
1476 3523 1795 3599 strangulat.
1862 3526 2182 3594 Ambitio.
2224 3527 2509 3593 &1uxmia.
2536 3528 2585 3585 ἃ

549 3595 751 3662 libido,
767 3598 985 3657 scenam
1005 3598 1343 3658 defiderant:
1382 3600 1543 3659 scena
1560 3639 1575 3665 ,
1595 3602 2018 3679 catastrophen.
2082 3610 2232 3667 Non
2249 3602 2591 3668 imusinsseni·

434 3672 453 3696 ⁹
473 3751 490 3757 -
550 3685 736 3731 tutem
756 3715 772 3740 ‚
802 3674 891 3733 sed
907 3679 1173 3736 cadimus.
1227 3682 1445 3736 Tamen
1478 3683 1625 3736 inter
1651 3679 1834 3737 sordes
1866 3683 1930 3738 δι
1966 3685 2597 3762 paupertate-mserum

557 3752 797 3812 habitate
829 3756 905 3811 At
917 3756 1190 3834 quidquid
1205 3758 1261 3814 in
1279 3757 1456 3817 altum
1475 3755 1624 3816 casus
1638 3757 1849 3821 elevat.
1881 3774 1995 3816 aut
2031 3765 2244 3825 alienis
2274 3758 2600 3827 dolisconees·

557 3831 757 3894 sumin
772 3831 945 3893 dubio
963 3852 1186 3904 manet,
1216 3849 1312 3896 aut
1340 3838 1529 3900 statim
1560 3835 1775 3921 ”festinat
1806 3835 1871 3891 ad
1886 3838 2161 3899 ruinam.
2232 3847 2378 3907 Non
2408 3860 2605 3927 pronum

2434 3939 2607 3987 mmm
