2738 4475
855 291 919 367 P'
1015 317 1065 369 A
1167 318 1225 370 ιι
1270 351 1282 365 .
1322 310 1359 372 ’ς
1405 358 1412 364 .
1461 302 1496 371 1
1516 302 1584 372 V
1594 347 1612 363 ·
2113 299 2214 393 48

224 416 683 521 magnitudinis
704 415 889 492 class’e
907 419 1255 491 excludunt
1272 454 1297 505 ·,
1314 416 1591 518 peffimo
1609 414 2178 518 pmrsuslhffragio
2191 330 2265 498 ai

218 545 451 606 errore,
471 541 579 592 aut
598 518 643 591 fi
663 518 864 593 mavis
880 517 1120 592 insania
1145 545 1171 608 ς
1200 518 1723 618 quandoquidem
1747 515 1787 589 ὲ
1813 521 2138 590 contrario
2153 548 2266 595 ve-

216 623 339 696 rius
356 620 557 703 dicas,
579 620 909 694 neminem
925 615 1052 692 effe
1065 617 1569 694 civilibus'rebus
1586 637 1806 718 parem
1828 665 1850 699 ,
1891 617 2010 689 nili
2027 619 2136 692 ini
2144 623 2263 717 piis

217 744 454 794 naturae
476 720 716 793 divitiis
735 742 1171 819 conceptum;
1214 722 1458 794 multos
1474 741 1705 792 autem
1734 719 1804 790 in
1828 718 2055 791 umbra
2069 716 2265 791 schoa

212 824 417 895 larum
437 822 633 893 etiam
651 819 728 892 ad
742 820 998 893 landem
1017 820 1350 918 pervenire
1368 865 1392 901 ,
1414 820 1634 891 inanes
1652 863 1676 900 ‚
1711 826 1777 892 δι
1799 816 2099 917 superflui
2114 845 2266 893 acu-

216 922 417 994 minis
457 921 622 993 viros
641 948 662 1009 3
763 921 959 1018 uippe
975 944 1249 1019 qnorum
1269 920 1519 993 indoles
1537 969 1562 1006 ,
1592 919 1767 991 'intra
1784 940 2024 992 metam
2045 918 2266 992 nescio

219 1022 398 1114 cujus
417 1018 691 1094 scientiae
711 948 1014 1093 damnata
1035 1065 1058 1101 ‚
1114 1020 1352 1119 caligat
1382 1018 1464 1091 ad
1508 1021 1682 1091 utilis
1723 1019 1890 1091 illius
1912 1019 2266 1119 prudentiae

217 1121 433 1193 lumen
452 1177 474 1205 ‚
498 1121 597 1192 cui
616 1119 916 1193 omnium
936 1121 1263 1193 literarum
1273 1117 1622 1216 disciplina
1639 1118 1933 1192 donanda
1952 1118 2070 1192 est.
2098 1122 2265 1192 Nifi

197 1214 384 1291 forte
400 1244 532 1293 non
554 1221 762 1292 verius
778 1217 1087 1319 sapientia
1103 1221 1286 1292 illum
1306 1217 1548 1292 amabit
1568 1265 1592 1305 ,
1625 1219 1736 1319 qui
1752 1221 2036 1319 augurati
2058 1220 2127 1292 in
2145 1245 2270 1319 po-

211 1320 379 1417 pulis
397 1337 653 1393 motum
677 1364 702 1400 ‚
742 1326 811 1393 &
845 1318 1251 1419 tempestivis
1295 1318 1602 1390 remediis
1638 1342 1951 1418 occupare
1995 1320 2266 1419 poterit,

212 1443 407 1517 quarn
425 1420 496 1491 in
517 1425 752 1502 Lunae,
775 1419 1068 1519 Solisque
1091 1416 1453 1491 defeffibus
1475 1417 1766 1501 doctum,
1787 1418 2258 1518 Astrorumque

205 1542 461 1591 errores
484 1563 509 1599 ,
539 1523 605 1588 δι
628 1519 969 1590 redeuntes
985 1519 1057 1589 in
1071 1516 1381 1589 circulum
1402 1518 1741 1590 annivices
1755 1539 2064 1617 perpetua
2102 1544 2263 1590 con-

208 1615 1143 1788 {iffilfflj⁰fi⁶„?22⁰251233:}⁰·
1198 1616 1331 1787 ‚³2¹2ss
1358 1615 1537 1787 ⁵1?sz
1553 1617 1858 1787 ⁶3:235?
1878 1640 2161 1789 “iffi‘'
2163 1617 2269 1788 231

1122 1761 1147 1798 2

215 1809 543 1885 eruditum
568 1836 807 1887 vocant
825 1862 850 1900 ‚
885 1814 998 1913 qui
1030 1839 1258 1889 ornnes
1298 1810 1704 1887 scientiarum
1727 1742 1937 1914 pantes
1955 1820 2089 1914 pari
2118 1812 2270 1887 feli-

209 1913 420 1984 citate
458 1911 831 2011 impleverit
852 1970 876 1999 ‚
931 1910 1040 1987 sed
1081 1914 1227 1987 satis
1265 1915 1357 1985 est
1395 1919 1462 1985 in
1500 1919 1704 2007 aliqua
1742 1913 1940 1986 modo
1976 1938 2268 2015 regnare.

204 2017 313 2088 Ut
350 2008 397 2082 fi
437 2011 689 2083 Orator
721 2013 1019 2113 egregius
1051 2013 1134 2086 ad
1177 2040 1548 2112 argumenta
1584 2013 1621 2082 s
1612 2042 1646 2084 e
1686 2009 1883 2110 ipsam
1908 2014 2267 2113 torquentis

204 2106 647 2209 Philosophiae
663 2113 923 2209 ineptus
946 2110 1061 2199 fit,
1100 2136 1207 2184 aut
1247 2114 1295 2183 fi
1331 2140 1467 2184 non
1502 2138 1686 2184 natus
1703 2113 1782 2185 ad
1804 2115 2262 2211 Eloquentiam

206 2206 642 2309 Philosophus
659 2258 684 2294 ‚
719 2212 765 2286 s1
784 2211 1089 2287 Historiae
1110 2233 1219 2285 aut
1240 2210 1505 2286 Po’e'fios
1526 2213 1695 2285 rudis
1713 2259 1736 2295 ,
1771 2236 1905 2284 non
1923 2211 2094 2285 hunc
2111 2214 2260 2286 ideo

205 2310 248 2382 Ξ
266 2306 683 2393 scientiae,aut
699 2311 1051 2412 praestantis
1067 2311 1310 2386 indolis
1331 2313 1535 2384 titulis
1561 2315 1764 2385 velint
1779 2315 2000 2386 arceri.
2029 2320 2253 2405 Qam

204 2409 1327 2584 {ffsslzlzssssssffffissfflssffm
1344 2413 1554 2584 :¹323
1567 2408 2262 2609 ffi'ssjgsszffffszcissass

211 2606 562 2679 hominnm
582 2608 784 2704 polita
802 2653 825 2689 ‚
850 2608 1216 2708 caeterisque
1229 2537 1532 2683 ignibus
1546 2658 1577 2695 ‚
1612 2632 2005 2708 quaecnnque
2039 2610 2113 2679 in
2131 2607 2257 2678 hu-

220 2704 434 2776 manis
461 2704 645 2776 rebus
667 2702 809 2778 sunt
827 2755 852 2792 ‚
885 2711 1259 2782 antecellit?
1317 2715 1426 2783 An
1457 2709 1834 2809 sapientiam
1853 2713 2092 2782 Graece
2111 2727 2258 2778 tan·

222 2824 366 2875 tum
385 2848 410 2884 ‚
452 2824 557 2876 aut
576 2806 850 2887 Latine,
887 2832 960 2880 ae
980 2832 1112 2881 non
1129 2812 1341 2908 potius
1362 2835 1592 2882 arcano
1609 2811 1854 2909 impetu
1871 2818 1940 2885 &
1960 2811 2255 2881 omnium

211 2905 574 3003 linguarum
611 2902 1111 3006 sermonumque.
1138 2906 1443 2995 conscio,
1477 2911 1597 2983 suis
1631 2912 1899 2982 alumnis
1919 2912 2097 3009 loqui
2116 2912 2256 2980 exi·

212 3003 439 3076 stimes
462 3001 495 3075 ?
515 3011 746 3078 Parum
767 3005 864 3078 est
887 3007 1207 3105 praestanti
1226 3012 1492 3109 ingenio
1511 3007 1709 3089 nasci,
1727 3009 1772 3082 fi
1790 3010 1950 3082 nihil
1970 3009 2066 3080 est
2085 3006 2255 3078 aliud

215 3128 411 3200 quarn
444 3125 665 3202 aptum
702 3107 1033 3206 ingenium
1072 3108 1151 3181 ad
1195 3110 1602 3182 Academicae
1633 3108 2012 3181 eruditionis
2066 3105 2252 3176 indu-

218 3202 433 3274 striam
449 3201 571 3277 effe
587 3203 906 3280 sortitum.
973 3208 1081 3281 111i
1098 3211 1291 3309 primi
1312 3257 1334 3291 ,
1369 3235 1531 3308 quos
1551 3208 1861 3280 habemus
1876 3203 2252 3276 eruditionis
2370 3268 2377 3278 ,

215 3301 554 3398 Principes
571 3349 592 3385 ‚
615 3331 748 3376 non
763 3306 831 3378 in
847 3305 1103 3380 Scholis
1123 3306 1495 3381 sudaverunt
1517 3338 1541 3399 3
1578 3315 1644 3380 δι
1665 3314 1845 3377 erant
1861 3300 2078 3376 tamen
2103 3331 2254 3402 pro-

217 3400 392 3498 pitio
410 3401 586 3473 coelo
607 3407 756 3477 nati.
812 3407 1125 3480 Condere
1142 3409 1381 3481 civium
1406 3430 1618 3478 mores
1637 3463 1659 3494 ,
1685 3407 1952 3505 patriam
1976 3406 2251 3478 confinis

212 3497 476 3572 firmare
497 3544 520 3580 2
539 3503 604 3573 in
622 3505 772 3578 ritus
795 3507 1165 3606 peregrinos
1186 3507 1443 3590 intueri,
1461 3531 1728 3606 quaeque
1749 3505 1899 3578 inde
1915 3507 2249 3604 placebant

210 3599 287 3670 in
305 3597 446 3672 suos
466 3601 802 3678 invehere:
830 3606 1311 3704 deprehendere
1335 3607 1490 3678 coeli
1512 3629 1724 3678 motus
1742 3653 1763 3686 ‚
1790 3629 1872 3678 ne
1888 3608 2035 3678 anni
2054 3605 2253 3706 spatia

212 3698 297 3770 ad
336 3698 535 3771 statos
573 3711 640 3775 δι
682 3704 1060 3779 necess'arios
1097 3708 1392 3806 gentium
1425 3704 1561 3777 usus
1583 3709 1896 3778 laterent:
1952 3706 2075 3778 hoc
2097 3728 2249 3777 tunc

208 3794 483 3874 scientia
517 3825 652 3876 erat
673 3843 701 3898 ·,
735 3803 862 3878 hoc
896 3829 1064 3877 nunc
1097 3805 1294 3880 nostri
1326 3808 1559 3879 literati
1579 3803 2255 3881 scilicetimitariarbi·

1251 3909 1324 3981 H
1346 3905 1391 3976 h
1443 3929 1494 4001 4
1990 3924 2266 3975 trantut.
