2738 4475
832 235 1580 316 PARSIV.
2105 261 2238 340 373

179 355 570 432 inanitatem
588 362 663 432 ·&
685 380 831 429 cum
847 353 1117 429 senuerit
1136 355 1532 463 prpdentiam
1557 352 1742 425 fa&ae
1764 349 1800 448 ’,Ι
1817 350 2238 448 adolescentia

180 483 255 529 ac
291 459 598 552 juventus
635 457 855 528 insano
888 457 1540 554 incautoqueimpetu
1563 477 1630 525 ut
1651 453 1997 552 plurimum
2018 451 2244 529 fervet.

184 563 386 630 Vana
405 559 473 629 in
496 553 809 648 ejusmodi
829 578 1014 628 aetate
1036 558 1294 630 libertas
1311 602 1334 636 ‚
1359 580 1527 625 nunc
1550 554 1845 648 jocandi,
1868 579 2038 626 nunc
2057 557 2252 653 igno-

182 678 295 726 tos
316 660 554 754 pariter
575 653 885 756 notosque
900 651 1241 729 laceffendi
1262 703 1284 735 ‚
1321 663 1388 728 δι
1415 654 1645 754 ubique
1662 656 1885 726 titulos
1909 655 2130 727 nimiae
2147 651 2248 728 se-

188 758 484 827 curitatis
506 752 831 828 affeetu&
886 763 1095 828 Leves
1117 756 1315 828 animi
1339 806 1362 842 ‚
1403 763 1468 829 &
1490 755 1840 827 rumoribus
1857 756 2022 852 rapti
2046 803 2069 839 ‚
2115 757 2247 846 jam

187 855 612 951 impatientes
641 856 811 937 ocii,
847 881 1128 954 moxque
1160 859 1491 927 tumultus.
1564 854 1942 928 Ostentatio
1957 854 2244 925 libidinis

189 950 235 1022 s
225 979 389 1050 upra
407 976 633 1028 naturae
651 955 1027 1029 desiderium
1047 958 1263 1052 inepta
1279 1000 1301 1034 ‚
1324 974 1459 1026 tum
1478 950 1822 1026 inconsulti
1840 951 2017 1032 risus,
2037 954 2248 1025 nemi-

191 1054 404 1151 nique
421 1078 752 1150 parcentes
773 1082 796 1137 ;
842 1057 939 1129 vis
957 1057 1152 1127 etiam
1171 1058 1335 1125 intra
1351 1050 1416 1125 se
1433 1054 1777 1148 irrequieta
1799 1101 1823 1137 ‚
1875 1077 1987 1149 per
2005 1053 2248 1126 varium

182 1176 263 1224 ac
304 1154 738 1253 multiplicem
774 1157 1116 1228 tumultum
1149 1178 1513 1250 erumpens.
1582 1152 1870 1239 Quidam
1923 1175 2135 1224 tamen
2173 1152 2248 1226 in.

184 1255 490 1325 omnium
524 1256 810 1327 exordiis
843 1279 1049 1328 rerum
1081 1254 1350 1326 induunt
1374 1277 1506 1322 non
1525 1276 1737 1322 veram
1758 1258 1823 1321 &
1847 1252 1996 1326 ideo
2015 1252 2248 1342 majori

180 1348 410 1446 specie
445 1352 853 1427 subet-natam
892 1354 1297 1450 prudentiam
1318 1375 1374 1423 t·
1394 1350 1624 1425 Veluti
1657 1374 1897 1422 matura
1938 1347 2250 1449 sapientia

179 1451 547 1549 compositi
571 1506 588 1532 ,
624 1453 819 1522 verba
851 1455 1030 1523 tarde
1058 1452 1272 1522 euntia
1305 1449 1662 1529 deducunt,
1701 1453 1883 1522 lento
1902 1455 2120 1531 vultu,
2170 1457 2242 1522 &

182 1549 406 1620 astum
429 1575 580 1620 cum
598 1547 995 1621 humanitate
1013 1549 1314 1647 fingente.
1377 1552 1476 1621 Ex
1497 1573 1561 1618 re
1583 1575 1839 1647 quoque
1861 1547 2098 1621 saetum
2120 1574 2245 1620 no·
2336 1628 2343 1634 ,

189 1671 362 1716 men
382 1692 405 1726 ‚
441 1668 510 1717 ut
531 1648 861 1742 appellent
879 1643 1317 1749 frigiditatem.
1389 1647 1513 1720 Sed
1554 1655 1618 1718 &
1659 1650 1905 1718 virtutis
1929 1649 2242 1719 {imulatio

189 1762 361 1816 tunc
379 1743 475 1816 est
496 1748 746 1844 ingrata
767 1792 792 1827 ‚
832 1771 950 1819 nec
968 1749 1075 1820 diu
1090 1767 1304 1819 tamen
1327 1745 1585 1820 scientia
1604 1745 1887 1843 personae
1905 1748 2251 1843 impatien-

185 1863 337 1915 tem
359 1846 578 1916 omnis
602 1847 725 1916 veli
739 1847 1073 1919 levitatem
1092 1841 1444 1917 abscondit.
1497 1845 1720 1917 Media
1736 1868 1945 1916 autem
1969 1845 2250 1926 indoles,

183 1966 341 2041 quae
357 1968 481 2016 nec
507 1946 722 2016 Gallis
745 1967 917 2018 certe
935 1944 1368 2026 deest,laetitia
1389 1946 1635 2043 capacis
1654 1946 1854 2017 animi
1874 1943 2249 2023 exuberans,

186 2045 386 2141 eique
421 2070 554 2115 non
588 2042 807 2116 effina
828 2047 1164 2142 prudentia
1181 2042 1792 2140 frenumimponens
1815 2092 1837 2125 ‚
1890 2070 1963 2115 ea
1986 2043 2252 2114 demum'

187 2144 379 2213 omni
416 2146 636 2244 precio
671 2144 881 2236 major
897 2203 917 2231 ,
976 2154 1043 2219 &
1079 2144 1159 2216 ad
1197 2141 1517 2242 sapientiae
1546 2141 1856 2243 simulque
1907 2143 2241 2213 hilaritatis

188 2242 543 2341 imaginem
580 2247 803 2317 exaesa
832 2245 954 2317 est.
2104 2266 2110 2271 ’

296 2344 460 2418 lllud
479 2368 690 2417 autem
715 2348 781 2416 in
803 2345 1081 2418 Gallicis
1101 2343 1382 2418 moribus
1404 2388 1429 2423 ,
1464 2368 1537 2414 ac
1567 2343 1763 2415 veluti
1782 2337 1928 2417 fatis
1953 2399 1973 2427 ,
2027 2340 2252 2425 triste,

166 2443 374 2538 quod
410 2445 930 2517 benevolentiam
952 2490 974 2524 ‚
1025 2445 1228 2543 quain
1252 2442 1355 2513 sua
1369 2445 1633 2540 regione
1649 2438 2005 2536 hospitibus
2027 2441 2240 2510 indul-

198 2562 358 2637 gent
380 2589 403 2625 ,
437 2566 616 2613 extra
631 2544 901 2638 patriam
920 2544 1024 2613 vix
1039 2548 1105 2613 in
1125 2542 1260 2615 suos
1280 2547 1457 2614 cives
1479 2561 1887 2636 expromunt.
1907 2606 1916 2619 ,

290 2644 458 2731 Qis
477 2641 691 2713 credat
709 2641 781 2711 in
798 2646 1028 2712 exteris
1048 2665 1181 2713 tam
1198 2639 1744 2736 humanopopulo
1765 2663 1895 2713 non
1914 2635 2058 2709 satis
2083 2657 2247 2711 con-

205 2740 475 2817 venire?
535 2747 717 2812 Aves
752 2764 1002 2838 quoque
1036 2742 1101 2809 in
1120 2765 1375 2831 caveam
1393 2739 1675 2810 dedu&ae
1694 2737 1891 2807 rostra
1911 2742 1974 2808 δι
1994 2737 2245 2806 iracun-

204 2841 376 2915 diam
415 2841 526 2910 vix
562 2840 879 2938 stringunt
896 2890 930 2929 ‚p
977 2845 1040 2908 δι
1062 2836 1319 2911 societas
1342 2834 1454 2910 fati
1477 2839 2056 2937 peregrinationem
2081 2832 2136 2905 fc
2147 2860 2248 2905 ra·

200 2968 338 3014 rum
358 2941 669 3011 conciliat
684 2960 864 3009 extra
886 2935 1084 3036 sylvas
1105 2941 1518 3038 quaerentium
1541 2938 1841 3036 praedam.

297 3043 435 3111 Soli
456 3042 639 3112 Galli
660 3063 1044 3138 quocunque
1059 3042 1125 3110 in
1146 3042 1483 3138 peregrino
1498 3036 1633 3109 solo
1648 3032 2252 3127 consederinnprae-

200 3137 413 3211 sertim
433 3138 477 3209 (i
499 3135 713 3223 miseri
728 3184 751 3220 ,
808 3147 874 3211 &
914 3139 992 3210 ad
1029 3166 1227 3236 opem
1269 3142 1540 3211 alienam
1560 3135 1842 3207 conversi
1864 3191 1883 3215 ,
1926 3129 2250 3202 saevisfima

203 3241 615 3313 aemulatione
631 3239 984 3310 decertant.
1037 3245 1220 3311 Tum
1238 3239 1491 3308 occulta
1513 3232 1804 3315 ludibria·
1826 3233 2116 3324 livorque
2143 3224 2251 3297 de-

195 3336 430 3411 formis
457 3386 480 3419 ‚
537 3358 674 3409 tum
709 3333 975 3435 profess‘a
992 3337 1137 3408 odia
1162 3388 1185 3424 ,
1223 3345 1288 3409 &
1310 3336 1580 3405 rixarum
1600 3334 1797 3402 etiam
1818 3328 1892 3398 ad
1916 3326 2254 3425 peregrina

197 3440 547 3513 tribunalia
566 3440 861 3509 concives
880 3441 1250 3508 vocantium
1273 3434 1472 3505 derisa
1496 3430 1893 3527 improbitas.
1945 3430 2048 3499 Sic
2081 3430 2251 3497 inter

193 3537 263 3611 se
298 3559 618 3623 certantes
656 3534 871 3608 nescio
904 3560 1028 3635 qua
1065 3531 1327 3605 infamia
1364 3531 1529 3630 apud
1564 3528 1899 3625 imperitos
1942 3525 2254 3621 inundans

187 3636 367 3712 suam
386 3659 678 3738 gentem,
699 3634 867 3735 quast
885 3636 952 3705 in
970 3634 1282 3706 invidiam
1302 3655 1449 3702 nata
1466 3632 1559 3714 fit,
1584 3624 1891 3720 exorsquc
1914 3627 2252 3722 quictis,ac

182 3743 430 3814 amoris
449 3787 475 3825 ,
507 3763 639 3838 quo
660 3737 845 3809 unius
869 3735 1088 3833 patriae
1109 3734 1282 3807 cives
1301 3756 1522 3802 arcana
1543 3731 1604 3799 vi
1625 3729 1874 3800 Natura
1895 3725 2258 3820 conjunxit..

1345 3835 1468 3903 Aa
1519 3859 1557 3924 ς
2169 3820 2258 3889 Εῑ
